1605 2814
230 121 281 159 40
432 117 434 120 ’
776 125 937 156 NOTAE

265 246 403 286 Prolog.
429 257 459 280 v.
491 251 529 278 18
558 247 759 289 adfizmem]
786 250 926 280 Aediles
953 249 1059 287 enim,
1095 250 1151 290 qui
1179 260 1237 281 sua
1263 250 1415 291 impensa
1438 250 1536 282 ludos

162 292 391 323 -celehrandos
417 294 596 331 curabant,
630 294 763 326 fabulas
796 306 816 326 a
848 296 957 336 poetis
991 297 1157 329 emebant.
1207 296 1263 328 Sic
1288 296 1450 327 Terentio
1475 307 1536 337 pro

171 339 338 370 Eunucho
382 349 442 370 sua
488 345 564 371 octo
610 341 704 371 milia
751 343 939 374 sestertium
982 342 1067 383 (fere
1107 346 1171 374 580
1210 343 1330 373 thaleri
1368 343 1535 384 argentei)

172 390 349 416 numerata
375 395 448 417 esse
475 387 641 418 dicuntur.

262 478 398 518 Prolog.
409 489 440 512 v.
454 482 507 509 25.
520 479 824 521 Epidicazomenon]
837 477 1051 523 Ἐπίκληρος
1067 480 1184 521 (orba)
1201 481 1347 511 Athenis
1362 481 1535 512 dicebatur

169 524 237 554 sive
264 524 357 564 virgo
384 525 452 555 sive
481 533 600 566 nupta,
636 536 736 565 quae
773 537 873 566 quum
902 527 1037 558 fratrem
1065 529 1153 558 iusto
1180 528 1393 559 matrimonio
1418 534 1533 559 natum

170 567 331 612 (γνήσιον
358 567 538 614 αδελφὸν)
570 583 637 603 non
663 573 821 611 haberet,
855 581 929 611 aut,
965 574 992 604 si
1023 574 1123 604 uniet
1159 573 1228 604 filia
1258 580 1349 619 erat,
1383 575 1534 605 omnium

170 617 334 647 bonorum
348 626 579 658 paternor,um
595 625 663 656 aut,
682 620 708 649 si
725 630 854 651 sorores
871 620 904 650 h:
897 620 1029 654 tbebat
1044 630 1158 650 eorum
1174 629 1216 650 ex
1228 627 1322 660 parte
1336 621 1432 651 heres
1449 627 1534 654 erat

167 662 348 694 Eiusmodi
374 661 565 707 ἐπίκληρος
600 666 627 696 si
652 675 720 696 non
745 667 792 696 ita
817 677 837 696 a
861 673 955 706 patre
980 667 1145 697 collocata
1170 672 1228 697 aut
1255 667 1424 707 desponsa
1452 675 1533 705 erat,

168 715 203 740 ut
228 709 298 740 eius
321 712 458 742 maritus
474 712 639 742 bonorum
655 712 805 743 defuncti
822 714 924 754 patris
938 714 1034 744 heres
1050 713 1220 743 institutus
1233 718 1331 746 esset,
1346 724 1366 744 a
1378 714 1533 754 proximo

167 762 313 795 cognato
328 757 360 788 in
375 759 624 789 matrimonium
640 760 794 789 ducenda
809 765 880 789 erat
900 759 974 799 (cfr.
990 761 1013 797 l,
1030 763 1059 795 2,
1077 762 1117 790 75
1134 760 1207 800 sq),
1235 760 1282 790 ita
1306 766 1343 790 ut
1360 760 1448 791 filius
1468 761 1533 791 hoc

167 803 381 834 matrimonio
401 810 510 841 natus,
536 805 636 835 simul
662 811 761 846 atque
789 806 999 843 adolevisset,
1021 807 1122 836 etiam
1140 807 1215 836 vivo
1233 811 1376 847 utroque
1392 812 1532 847 parente

166 849 255 879 bona
281 851 334 880 avi
359 851 500 881 materni
528 858 671 894 caperet.
740 852 813 882 Iam
848 853 874 883 si
910 863 983 883 eam
1013 858 1148 893 propter
1184 853 1317 884 divitias
1353 853 1466 894 plures
1497 854 1533 884 in

165 896 415 927 matrimonium
440 898 621 938 petebant,
654 895 817 937 ἐπίδικος
849 907 936 933 erat,
969 899 990 929 i.
1022 908 1050 931 e.
1078 909 1197 930 caussa
1223 909 1335 930 coram
1362 900 1531 931 iudicibus

165 943 340 982 agebatur,
364 944 420 984 qui
440 945 705 984 pronuntiarent,
727 947 800 986 quis
819 946 995 986 proximus
1016 951 1178 984 cognatus
1194 941 1414 988 (ἇγχιστεύς)
1431 953 1531 983 esset,

166 989 219 1019 eui
251 990 378 1020 nubere
411 991 555 1021 deberet.
618 992 754 1033 Pauper
786 989 976 1035 ἐπίκληρος
1007 992 1181 1022 dicebatur
1211 992 1352 1035 θῆσσα,
1390 1003 1532 1032 eamque

163 1035 338 1075 proximus
367 1043 530 1076 cognatus
559 1045 617 1068 aut
638 1039 760 1069 ducere
783 1044 841 1069 aut
863 1040 978 1070 dotare
1002 1039 1147 1069 debebat
1177 1038 1252 1079 (cfr.
1268 1039 1314 1076 ΙΙ,
1334 1043 1365 1077 3,
1385 1043 1445 1077 663
1468 1039 1531 1077 III,

165 1085 195 1122 2,
209 1085 250 1112 63
264 1086 364 1123 sqq.),
382 1083 429 1113 ita
446 1084 579 1124 quidem
596 1090 642 1122 ut,
665 1086 720 1124 qui
744 1094 786 1116 ex
803 1085 937 1117 Solonis
954 1086 1116 1116 institutis
1138 1082 1532 1128 πεντακοσιομέδιμνος

164 1134 266 1165 esset,
294 1130 494 1169 quingentas
530 1131 709 1162 drachmas
742 1133 828 1162 dotis
861 1133 971 1169 daret,
1007 1133 1064 1171 qui
1089 1129 1235 1170 ἱππεὺς,
1261 1139 1448 1171 trecentas,
1475 1134 1530 1173 qui

164 1174 336 1218 ζευγίτης,
361 1183 492 1207 centum
519 1178 774 1217 quinquaginta.
820 1179 900 1209 Erat
915 1184 1026 1209 autem
1041 1179 1212 1210 archontis
1229 1180 1385 1220 eponymi
1403 1189 1530 1218 curare,

163 1227 200 1251 ut
221 1222 284 1252 hoc
306 1222 411 1259 fieret,
441 1223 473 1253 e't
499 1224 603 1255 cuivis
630 1224 754 1255 licebat
775 1225 939 1255 eiusmodi
961 1235 1030 1255 rem
1051 1226 1092 1255 ad
1108 1235 1183 1256 eum
1197 1225 1325 1257 deferre
1340 1227 1528 1263 (Demosth.

163 1269 415 1302 adv.¹Macart.
448 1280 481 1310 p.
517 1273 601 1301 1067
639 1271 657 1310 ξ
694 1271 761 1310 54).
832 1271 899 1302 Sed
934 1273 1219 1311 quemadmodum
1253 1273 1386 1303 divitem
1417 1273 1531 1314 plures

162 1314 261 1346 facile
285 1316 446 1356 petebant
473 1316 549 1356 (cfr.
578 1317 641 1353 ΙΙΙ,
670 1321 699 1354 2,
727 1321 769 1348 46
800 1320 896 1358 sqq),
923 1319 969 1349 ita
993 1329 1173 1359 pauperem
1198 1329 1268 1350 non
1294 1320 1405 1350 minus
1430 1319 1531 1350 facile

163 1363 267 1401 quivis
300 1364 558 1403 aspernabatur,
592 1364 694 1394 alium
729 1366 912 1404 quendam,
949 1375 1017 1395 non
1043 1375 1095 1400 se,
1133 1366 1321 1406 proximum
1349 1371 1530 1407 cognatum

162 1419 235 1440 esse
256 1410 464 1440 contendeus
483 1409 558 1450 (cfr
577 1411 677 1448 111‚0
660 1433 689 1447 -,
713 1415 752 1442 10
771 1411 848 1451 sq).
909 1410 1008 1449 Quod
1027 1413 1082 1442 ubi
1104 1412 1215 1449 fiebat,
1233 1407 1390 1443 iudicum‘
1402 1418 1474 1443 erat
1494 1423 1530 1443 re

162 1456 297 1495 cognita
316 1461 472 1493 statuere
500 1457 637 1497 quin-im
666 1458 838 1498 proximus
865 1458 936 1488 eius
963 1465 1125 1497 cognatus
1150 1459 1324 1490 habendus
1347 1466 1445 1497 esset,
1472 1460 1529 1499 qui

161 1512 232 1532 eam
259 1508 318 1532 aut
343 1512 482 1533 uxorem
509 1504 650 1534 duceret
675 1510 733 1535 aut
759 1514 832 1535 cum
860 1505 937 1535 dote
964 1505 1021 1535 alii
1048 1505 1239 1536 collocaret.
1308 1505 1361 1536 Ita
1387 1512 1419 1536 et
1445 1506 1528 1537 haec

135 1553 142 1556 “
161 1549 412 1588 quodammodo
439 1547 602 1588 ἐπίδικος
626 1550 737 1581 fiebat.
767 1569 806 1574 —
826 1548 1126 1591 Ἐπιδικάζεσθαί
1150 1564 1248 1591 τινος
1272 1553 1311 1583 de
1334 1563 1373 1583 eo
1395 1553 1527 1587 dieitur,

160 1595 226 1635 qui,
254 1600 289 1625 ut
315 1595 441 1636 aliquid
468 1597 530 1627 sibi
557 1597 776 1639 adiudicetur,
809 1608 828 1628 a
854 1599 1021 1629 iudicibus
1043 1600 1142 1639 petit3
1178 1600 1291 1639 itaque
1328 1600 1361 1630 in
1400 1600 1527 1630 caussis

161 1642 318 1672 orbarum
348 1638 367 1674 ὁ
395 1640 692 1685 ἐπιδικαζόμενος
724 1645 751 1675 is
787 1651 851 1681 est,
887 1646 943 1684 qui
974 1642 1168 1688 ἐπίκληρον
1199 1646 1268 1676 sive
1295 1646 1430 1677 divitem
1460 1647 1526 1677 sive

156 1698 338 1728 pauperem
355 1698 466 1720 coram
482 1690 649 1721 iudicibus
669 1692 702 1721 in
720 1692 967 1722 matrimonium
983 1693 1076 1733 petit.
1125 1692 1194 1723 Sed
1212 1693 1236 1723 si
1254 1691 1385 1723 Graeca
1398 1692 1525 1729 fabula,

158 1744 257 1774 quam
277 1735 311 1765 in
332 1735 538 1766 Phormione
563 1737 740 1768 Terentius
768 1738 916 1768 imitatus
941 1745 1000 1771 est,
1027 1735 1349 1780 Ἐπιδικαζόμενος
1365 1740 1526 1780 inscript-a

157 1781 231 1817 fuit,
258 1782 322 1812 hoc
347 1782 393 1812 ita
417 1783 673 1823 intelligendum
700 1794 773 1815 esse
798 1785 944 1822 videtur,
985 1791 1021 1816 ut
1049 1782 1067 1818 ὁ
1095 1782 1394 1827 ἐπιδικαζόμενος
1424 1787 1524 1816 etiam

156 1828 184 1858 is
200 1829 308 1859 dictus
325 1829 381 1866 sit,
396 1830 452 1869 qui
464 1830 499 1860 in
511 1830 634 1861 iudicio
653 1832 878 1869 contenderet,
898 1842 1078 1872 pauperem
1093 1829 1286 1875 ἐπίκληρον
1297 1833 1365 1863 sive
1378 1832 1524 1875 θῆσσαν

156 1875 199 1905 ab
228 1875 342 1915 aliquo
368 1881 405 1906 ut
430 1877 586 1917 proximo
613 1878 683 1908 eius
710 1884 852 1915 cognato
874 1879 1060 1910 ducendam
1087 1889 1176 1917 esse;
1202 1880 1268 1910 iam
1288 1889 1389 1919 quum
1408 1880 1441 1909 in
1461 1880 1524 1910 hac

155 1920 272 1952 fabula
294 1923 320 1952 is
348 1928 438 1953 esset
462 1922 623 1954 Phormio
651 1924 734 1963 (vid.
759 1924 786 1961 I,
814 1928 844 1962 2,
874 1927 914 1955 75
937 1926 1037 1966 sqq),
1064 1931 1154 1966 patet
1183 1926 1391 1962 Terentium,
1419 1936 1522 1966 quum

156 1966 325 1998 Graecum
347 1969 550 2000 vocabulum
574 1971 716 2001 breviter
737 1970 857 2001 Latine
881 1977 1010 2002 vertere
1033 1982 1100 2002 non
1122 1978 1246 2013 posset,
1272 1973 1348 2003 ideo
1369 1971 1521 2004 fabulam

156 2024 251 2045 suam
272 2014 513 2046 Phormionem
540 2018 741 2048 nominasse.
771 2036 811 2039 —
838 2018 961 2048 Mirum
981 2025 1030 2049 est
1048 2026 1173 2057 autem,
1192 2020 1381 2060 quodinter
1395 2019 1522 2050 Donati

155 2067 252 2091 notas
271 2061 405 2100 legitur
433 2063 630 2094 Terentium
651 2064 705 2094 hic
727 2074 815 2095 erras
819 2074 868 2102 se,
893 2063 1040 2096 f1bul1m
1059 2067 1159 2106 enim,
1185 2065 1285 2105 qua‘m
1301 2066 1520 2103 transtulerit,

154 2104 456 2150 ἐπιδικαζομένην
482 2110 604 2140 dictam
633 2120 706 2141 esse
732 2122 751 2141 a
775 2111 902 2151 puella,
937 2113 977 2142 de
1003 2122 1069 2151 qua
1094 2113 1255 2143 iudicium
1282 2119 1385 2149 esset,
1418 2122 1520 2153 quum

153 2160 240 2185 esset
265 2155 332 2185 alia
358 2153 657 2198 ἔπιδικαζόμενος
683 2158 829 2188 eiusdem
856 2158 1068 2198 Apollodori
1122 2161 1167 2189 At
1200 2168 1308 2199 neque
1333 2158 1520 2191 Terentius

153 2202 187 2230 in
201 2210 229 2231 e.
223 2203 362 2233 usmodi
382 2212 414 2232 re
432 2212 541 2233 errare
555 2205 675 2255 potuit,
690 2214 797 2244 neque
815 2201 1092 2248 ἐπιδικαζομένη
1108 2204 1238 2236 Graece
1259 2205 1380 2236 dicitur
1391 2206 1518 2246 puella,

152 2248 193 2277 de
214 2258 269 2288 qu
260 2258 280 2278 a
301 2248 342 2279 lis
370 2254 429 2279 est.

244 2340 381 2380 Prolog.
394 2351 426 2371 v.
441 2345 496 2372 31.
517 2341 767 2383 sefrnllifortutm]
794 2343 943 2384 Respicit
957 2343 1135 2383 Hecyram,
1152 2353 1238 2383 quae
1254 2355 1357 2385 quum
1372 2346 1516 2386 primum

151 2387 296 2424 daretur,
316 2397 382 2417 non
396 2395 534 2428 peracta
549 2396 609 2425 est,
627 2398 728 2429 quum
743 2389 873 2426 iterum,
890 2390 1069 2430 displicuit.
1102 2391 1182 2421 Vid.
1197 2391 1337 2431 Prolog.
1353 2392 1514 2433 Hecyrae.

243 2479 325 2523 1,-1‚
353 2483 382 2510 6.
408 2480 437 2510 ei
454 2479 562 2511 mimus
580 2480 636 2511 hoc
654 2480 851 2523 com-aditur]
878 2482 1057 2522 Respicere.
1082 2483 1215 2514 videtur
1236 2494 1275 2515 ea
1301 2485 1400 2515 dona.
1428 2494 1515 2524 quae

148 2525 310 2566 postridie
337 2527 471 2568 nuptias
501 2537 644 2568 sponsae
677 2538 697 2558 a
729 2538 814 2560 novo
840 2529 959 2560 marito
985 2534 1017 2559 et
1041 2529 1084 2560 ab
1111 2531 1226 2562 amicis
1253 2531 1515 2571 domesticisque
