1605 2814
240 139 292 179 36
753 138 982 170 PHoRMio.

184 263 222 301 ln
245 262 354 302 solas
378 262 537 301 terras?
597 274 668 303 cH.
709 262 751 301 In
782 262 820 301 id
853 262 1041 302 redactus
1072 275 1159 302 sum
1191 262 1284 308 loci,

182 318 243 357 Ut.
277 317 369 369 quid
399 329 511 369 agam
535 329 622 361 cum
642 317 728 363 illo,
759 319 932 356 nesciam
956 329 1148 369 prorsum.
1212 329 1289 355 DE.
1326 317 1409 370 Ego
1441 318 1548 357 scio:

182 373 224 412 ln
256 374 317 413 ius
348 385 495 412 eamus.
554 385 628 411 PH.
661 373 702 411 ln
733 373 825 412 ius?
856 372 945 422 huc,
976 375 1009 412 si
1043 373 1135 425 quid
1165 373 1284 411 lubet.

185 441 257 468 DE.
317 428 568 479 Adsequere,
601 431 741 476 retine,
775 428 863 467 dum
897 440 975 480 ego
1007 429 1082 467 huc
1113 440 1252 467 servos
1288 439 1428 466 evoco,

183 496 255 523 CH.
313 484 427 522 Enim
459 495 616 533 nequeo
647 483 777 529 solus3
810 483 992 522 adeum-e.
1052 496 1126 524 PH.
1160 482 1242 522 Una
1276 483 1457 521 iniuriast
1498 484 1550 521 90

181 539 341 578 Tecum.
399 551 469 577 CH.
494 539 602 589 Lege
621 540 730 591 agito
750 551 859 590 ergo.
907 551 978 577 PH.
1002 539 1180 578 Alterast
1202 544 1347 587 tecum,
1368 536 1550 577 Chreme.

184 607 259 633 De.
320 594 430 645 Rapo
463 594 576 632 huuc.
638 606 709 632 PH.
760 593 823 633 Sic
847 595 995 645 agitis?
1027 595 1232 632 enimvero
1265 598 1406 632 vocest
1437 605 1550 644 opus.

181 649 441 698 Nausistrata,
475 650 551 688 exi.
614 662 684 688 CH.
717 649 770 688 Os
802 650 998 700 opprime.
1053 661 1129 687 DE.
1182 648 1368 699 inpurum
1398 649 1503 697 vide,

181 706 376 753 Quantum
396 705 511 744 valet.
574 718 645 743 ΡΗ.
677 705 943 754 Nausistrata,
969 706 1141 756 inquam.
1206 716 1280 742 CH.
1306 703 1397 742 Non
1416 702 1551 742 taces?

183 773 258 799 PH.
316 760 516 799 Taceam‘?
579 773 652 799 DE.
684 760 767 799 Nisi
790 762 984 811 sequitur.
1021 771 1177 812 pugnos
1204 760 1241 798 in
1275 762 1450 797 ventrem
1484 759 1552 797 in-

785 828 896 868 gere.
1499 814 1549 853 95

182 884 254 909 PH.
318 871 389 910 Vel
422 871 581 910 oculum
614 871 806 922 exculpe3
840 875 914 920 est,
949 870 1011 908 ubi
1044 882 1116 909 vos
1147 869 1321 909 ulciscar
1353 869 1492 921 probe.

291 979 494 1021 AGYUS
536 979 573 1021 V.
627 978 873 1020 SCAENA
922 979 1034 1019 VIII.
1086 977 1199 1033 [AL.
1225 975 1437 1034 S(J.IX.]

208 1067 583 1108 NAUSlSTRATA.
659 1065 904 1108 CHREMES.
976 1065 1214 1105 PHORMIO.
1287 1056 1521 1106 DEMIPHO.

183 1159 255 1187 NA.
316 1146 392 1192 Qui
429 1146 604 1184 nominat
641 1145 735 1184 me?
823 1158 894 1185 CH.
928 1145 1037 1185 Hem.
1104 1156 1178 1186 NA.
1211 1144 1312 1192 Quid
1340 1145 1439 1183 istuc
1463 1152 1551 1182 tur-

784 1201 910 1251 haesi,
935 1201 1122 1250 obserro,

181 1258 228 1296 Mi
263 1257 353 1296 vir?
426 1269 499 1295 PH.
552 1256 698 1306 Ehem,
747 1256 839 1308 quid
881 1269 986 1295 nuuc
1024 1255 1281 1308 obstipuisti?
1340 1266 1415 1293 NA.
1475 1254 1550 1301 Qui

783 1312 848 1350 liic
878 1312 1069 1351 homost?

178 1368 266 1409 Non
296 1368 387 1406 mihi
418 1368 674 1418 respondes?
731 1380 802 1405 PH.
835 1367 997 1406 Hie-cine
1031 1372 1071 1406 ut
1105 1368 1173 1406 tibi
1207 1367 1482 1418 respondeat?

181 1425 254 1472 Qui
279 1425 426 1471 hercle,
463 1424 527 1462 ubi
560 1424 624 1473 sit,
657 1425 798 1464 nescit.
859 1435 932 1461 CH.
967 1422 1074 1462 Cave
1105 1424 1172 1462 isti
1206 1424 1421 1474 quiequam
1456 1434 1552 1461 ere-

791 1479 903 1517 duas.
1175 1503 1178 1506 ·

185 1548 253 1574 PH.
313 1536 403 1577 Abi.
430 1540 569 1587 tange3
600 1534 633 1572 si
657 1546 737 1573 non
757 1538 863 1573 totus
883 1534 1016 1585 friget.
1047 1545 1109 1572 me
1131 1534 1257 1572 enica.
1528 1534 1549 1570 5

181 1604 252 1632 CH.
313 1590 416 1630 Nihil
451 1596 524 1629 est.
539 1584 547 1595 ³
588 1602 661 1629 NA.
695 1590 796 1637 Quid
829 1589 961 1642 ergo?
993 1589 1085 1640 quid
1119 1589 1211 1628 istic
1243 1588 1407 1627 narrat?
1477 1600 1550 1628 PH.

785 1645 863 1684 lam
892 1647 1020 1691 scies3

183 1702 388 1741 Ausculta.
450 1713 520 1740 CH.
557 1700 715 1752 Pergin*
751 1701 948 1740 credere?
1007 1712 1080 1738 NA.
1115 1700 1219 1746 Quid
1242 1712 1334 1752 ego,
1364 1699 1549 1746 obsecro,

185 1758 282 1797 Huic
313 1757 486 1803 credam,
518 1757 583 1807 qui
616 1757 670 1794 nil
704 1756 827 1794 dixit‘?
887 1768 959 1797 PH.
993 1755 1144 1794 Delirat
1165 1756 1287 1793 miser

182 1814 357 1853 Timore.
420 1825 492 1852 NA.
529 1811 616 1850 Non
636 1812 702 1862 pol
729 1816 933 1856 temerest.
965 1812 1070 1862 quod
1106 1817 1146 1850 tu
1178 1816 1254 1849 tam
1287 1812 1415 1849 times.

182 1881 252 1908 CH.
316 1868 442 1921 Egon'
473 1868 625 1906 timeo?
672 1879 744 1907 PH.
782 1867 907 1906 Recte
939 1879 1056 1914 saiieg
1086 1867 1241 1918 quando
1265 1867 1316 1905 nil
1337 1867 1468 1912 times,
1503 1868 1550 1904 10

180 1925 227 1963 Et
261 1925 336 1963 hoe
372 1924 465 1963 nihil
500 1928 581 1972 est,
618 1923 724 1975 quod
759 1934 836 1975 ego
870 1923 973 1969 dico,
1005 1927 1043 1961 tu
1076 1934 1204 1961 narra.
1268 1934 1341 1961 DE.
1395 1922 1549 1971 Scelus,

182 1980 269 2019 'ri'oi
300 1979 465 2018 narret?
524 1991 596 2017 PH.
630 1979 716 2017 Eho
750 1983 803 2025 tu,
837 1978 1021 2017 factumst
1053 1979 1122 2017 abs
1155 1983 1191 2016 te
1223 1978 1364 2016 sedulo

183 2035 257 2074 Pro
289 2035 425 2076 fratre.
480 2047 550 2073 NA.
585 2035 635 2073 Mi
667 2034 739 2082 vir,
771 2045 849 2072 non
885 2033 976 2071 milii
1010 2034 1147 2072 dicis?
1206 2046 1276 2072 CH.
1310 2034 1361 2070 At
1399 2056 1439 2059 —
1477 2044 1548 2071 NA.

790 2089 892 2136 Quid
924 2090 989 2127 at‘?

183 2159 254 2188 eii.
316 2146 405 2186 Non
440 2157 539 2197 opus
569 2149 628 2183 est
663 2146 785 2184 dicto.
862 2157 935 2185 PH.
980 2144 1065 2183 Tibi
1083 2145 1322 2195 qui(leiii;at
1338 2144 1438 2183 scito
1459 2144 1551 2183 huic

785 2205 915 2239 omst.

182 2257 221 2295 ln
260 2255 410 2296 Lemno
443 2279 492 2283 —-
529 2268 599 2295 CH.
637 2255 753 2302 llem,
778 2213 871 2306 qiliid
900 2255 987 2294 ais‘?
1050 2266 1124 2294 DE.
1155 2253 1242 2292 Non
1275 2257 1416 2293 taces?
1475 2265 1548 2294 PH.

185 2328 190 2333 ·
784 2310 891 2349 Clam
916 2316 954 2348 te
984 2333 1035 2338 -—
1069 2322 1140 2350 CH.
1170 2309 1217 2348 Ei
1240 2310 1344 2348 milii.
1502 2312 1547 2349 15

185 2380 254 2406 PH.
312 2367 488 2406 Uxorem
521 2366 644 2406 duxit.
702 2378 776 2407 NA.
808 2366 858 2405 Mi
898 2367 1031 2412 homo,
1065 2365 1112 2404 Di
1145 2366 1288 2403 melius
1321 2366 1444 2405 duint.

185 2435 256 2462 PH.
319 2423 384 2463 Sic
414 2422 617 2462 factumst.
676 2433 751 2462 NA.
783 2422 887 2460 Perii
920 2422 1076 2460 misera.
1136 2433 1210 2459 PH.
1244 2421 1291 2460 Et
1315 2421 1408 2460 inde
1430 2420 1547 2461 filiam

182 2477 370 2529 Suscepit
401 2479 475 2516 iam
499 2490 630 2524 unam,
663 2478 753 2516 dum
786 2483 827 2517 tu
859 2477 1018 2516 dormis.
1077 2489 1150 2515 CH.
1185 2476 1287 2522 Quid
1310 2477 1493 2529 agimus?

182 2546 255 2575 NA.
316 2533 391 2572 Pro
423 2533 471 2572 Di
502 2533 748 2583 inmortales,
780 2533 933 2572 facinus
962 2532 1165 2584 indignum
1202 2536 1239 2571 et
1268 2532 1427 2573 malum.
