1605 2814
243 133 295 173 30
749 133 977 165 PHORMIO.

190 271 261 299 NA.
322 260 397 307 Au,
420 259 603 305 obsecro,
634 257 737 305 vide,
761 268 811 295 ne
838 256 876 294 in
899 261 1107 309 cognatam
1134 269 1290 308 pecces.
1350 268 1424 294 DE.
1455 255 1544 296 Non

783 316 856 351 est.
917 324 987 352 cn.
1019 312 1076 351 Ne
1102 324 1224 364 uega;
1491 311 1544 350 20

190 371 315 409 Patris
353 380 498 409 nomen
536 368 642 408 aliud
674 368 877 415 dictumst;
926 367 1000 407 hoc
1039 373 1080 406 tu
1119 368 1275 407 errasti.
1337 379 1412 406 DE.
1454 365 1544 406 Non

786 426 900 462 norat
931 423 1114 473 patrem?

191 493 263 521 cn.
320 481 484 527 Norat„
518 491 594 518 DE.
628 478 708 517 Cur
725 477 828 517 aliud
848 477 973 517 dixit?
1033 491 1102 516 cn.
1134 477 1406 528 Numquamne
1425 477 1546 517 hodie

786 534 983 573 concedes
1014 534 1105 572 inihi

190 592 329 644 Neque
351 589 598 642 intelleges?
656 601 732 628 DE.
766 587 805 628 Si
825 594 863 627 tu
887 589 940 627 nii
958 601 1107 628 narras.
1169 600 1240 627 cn.
1272 589 1442 641 Pergis?
1472 600 1546 628 NA.

789 644 933 692 Miror,
966 644 1056 695 quid
1089 644 1164 683 hoc
1195 644 1283 684 siet.

193 715 270 744 DE.
327 701 519 753 Equidem
554 699 690 739 hercle
723 700 874 739 nescio.
937 711 1008 740 cn.
1051 699 1138 737 Vin’
1171 700 1309 739 scire?
1339 704 1375 739 at
1403 701 1459 740 ita
1487 711 1548 739 me

787 760 922 794 servet
952 754 1140 806 luppiter,

193 813 240 853 Ut
268 813 437 865 propior
465 811 535 859 illi,
567 823 681 862 quam
715 822 791 863 ego
824 824 909 850 sum
945 822 990 848 ac
1017 816 1070 860 tu,
1101 810 1215 850 homo
1244 817 1411 850 nemost.
1471 823 1548 850 DE.

789 866 834 904 Di
867 870 1040 905 vostram
1073 864 1202 904 fidem.
1496 866 1547 905 25

193 924 335 964 Eamus
375 923 426 968 ad,
464 923 610 974 ipsam3
654 933 729 960 una
772 921 900 960 omnis
943 933 1014 960 nos
1053 926 1119 960 aut
1158 922 1262 960 scire
1300 927 1365 961 aut
1394 923 1549 962 nescire

789 977 866 1015 hoc
896 976 1003 1016 volo.
1065 988 1135 1014 CH.
1168 977 1243 1016 Ah.

197 1048 271 1076 DE.
331 1034 431 1082 Quid
465 1032 557 1072 est?
619 1044 689 1071 cu.
740 1032 835 1071 ltan'
868 1044 1025 1084 parvam
1059 1032 1152 1071 mihi
1182 1032 1297 1071 fidem
1334 1044 1424 1071 esse
1460 1036 1552 1083 aput

791 1088 859 1127 te‘?
919 1099 995 1128 DE.
1033 1088 1120 1126 Vin*
1153 1101 1212 1126 ine
1245 1088 1442 1127 credere?

194 1146 282 1185 Vin’
303 1146 400 1185 satis
421 1146 641 1198 quaesitum
661 1146 710 1184 mi
730 1145 833 1183 istuc
850 1144 971 1182 esse?
995 1143 1083 1195 Age
1105 1143 1182 1182 fiat.
1216 1143 1348 1189 Quid?
1378 1143 1442 1182 illa
1474 1143 1553 1182 filia

192 1202 318 1241 Amici
349 1202 477 1240 nostri
509 1200 602 1252 quid
630 1200 872 1240 futurumst?
927 1211 998 1237 cn.
1018 1198 1168 1237 ”Recte
1233 1211 1308 1238 DE.
1342 1198 1449 1237 Hanc
1471 1199 1555 1250 igi-

795 1260 855 1294 tur
885 1254 1101 1294 mittimus?

197 1325 267 1351 cn.
330 1311 499 1358 Quidni?
562 1324 637 1350 DE.
662 1311 731 1350 llla
750 1309 939 1350 maneat?
1000 1322 1071 1349 CH.
1101 1309 1178 1349 Sic.
1240 1322 1317 1350 DE.
1345 1310 1406 1349 Ire
1433 1309 1555 1362 igitur

793 1367 858 1405 tibi
892 1366 996 1415 licet,
1026 1364 1285 1405 Nausistrata.
1502 1363 1554 1403 30

200 1436 271 1463 NA.
332 1424 397 1463 Sic
430 1423 497 1475 pol
527 1423 773 1463 commodius
804 1433 894 1461 esse
925 1422 962 1459 in
992 1421 1118 1460 omnis
1150 1421 1332 1469 arbitror,
1370 1432 1483 1472 quam
1512 1424 1555 1459 ut

798 1488 1007 1528 coeperas,

199 1538 359 1578 Manere
390 1536 510 1577 haum
540 1547 629 1572 nam
661 1533 912 1585 perliberalis
944 1534 1080 1574 visast,
1112 1544 1198 1571 cum
1230 1532 1323 1583 vidi,
1355 1532 1460 1571 mihi.

203 1606 279 1633 DE.
340 1591 441 1638 Quid
459 1591 562 1629 istuc
580 1589 784 1643 negotist?
846 1601 915 1627 CH.
947 1588 1080 1627 Iamne
1099 1588 1254 1639 operuit
1275 1588 1448 1626 ostium?
1482 1599 1556 1625 DE.

796 1645 887 1684 lam.
941 1656 1012 1682 CH.
1043 1642 1074 1681 Ο
1104 1643 1293 1694 luppiter,

201 1705 248 1743 Di
280 1715 352 1742 nos
384 1701 624 1753 respiciunt3
655 1705 814 1752 gnatam
848 1700 979 1738 iuveni
1010 1704 1169 1750 nuptam
1203 1710 1289 1737 cum
1321 1701 1387 1737 tuo
1418 1696 1510 1737 filio.

801 1768 874 1794 DE.
924 1755 1016 1793 Hem

205 1815 292 1862 Quo
325 1819 444 1866 pacto
476 1812 514 1851 id
544 1811 705 1864 potuit?
767 1824 838 1850 cu.
870 1811 955 1849 Non
985 1785 1082 1849 sa’tis
1105 1813 1211 1849 tutus
1240 1813 1298 1848 est
1318 1808 1365 1846 ad
1390 1820 1559 1847 narran-

802 1867 891 1905 dum
922 1866 987 1904 hic
1019 1866 1145 1905 locuS.
1508 1862 1558 1902 35

206 1939 280 1965 DE.
341 1926 390 1965 At
422 1929 461 1963 tu
494 1924 597 1962 intro
630 1923 705 1963 abi.
790 1934 860 1960 CH.
911 1921 1033 1971 Heus,
1065 1933 1114 1959 ne
1146 1920 1212 1960 filii
1245 1920 1401 1971 quidem
1435 1919 1559 1959 nostri

800 1979 876 2016 hoe
906 1978 1138 2026 resciscant,
1171 1976 1277 2016 volo.

316 2111 518 2152 ACTUS
560 2111 601 2152 V.
670 2110 775 2151 SCA
791 2109 908 2150 ENA
943 2109 1027 2149 HI.
1089 2107 1203 2164 [AL.
1235 2106 1318 2150 SC.
1348 2106 1449 2164 IV]

774 2221 1011 2262 ANTIPHO.

210 2312 351 2350 Laetus
377 2324 477 2360 sum,
510 2315 548 2349 ut
577 2321 688 2348 meae
710 2321 774 2348 res
795 2321 886 2347 sese
905 2308 1064 2350 habent.
1094 2308 1205 2346 fratri
1233 2307 1425 2361 obtigisse
1457 2305 1564 2357 quod

809 2366 903 2403 voit.

212 2422 333 2468 Quam
365 2423 552 2470 scitumst,
586 2420 779 2459 eiusmodi
813 2432 956 2471 parare
987 2421 1023 2458 in
1057 2420 1186 2457 animo
1219 2417 1465 2470 cupiditates,

193 2478 332 2525 Quas,
364 2490 449 2516 eum
482 2490 545 2516 res
578 2476 772 2516 advorsae
806 2477 921 2515 sient.
955 2475 1072 2526 paulo
1106 2475 1255 2513 mederi
1290 2472 1453 2523 possis?

212 2533 282 2572 Hic
312 2533 428 2572 simui
460 2539 669 2585 argentum
700 2532 893 2583 repperit,
927 2543 1020 2570 cura
1050 2542 1141 2570 sese
1172 2529 1393 2580 expedivit:
