1605 2814
575 122 619 152 IN
648 122 976 154 1¹110nM10NE31.
1360 125 1405 163 ,Η

100 246 172 277 dari
186 246 341 278 solebant
359 243 684 289 (ἀνακαλυπτήρια
696 243 863 289 ὀπτήρια,
876 243 1039 285 ἕπαύλια,
1054 243 1225 287 άπαύλια,
1237 245 1458 291 θεώρητρα).

100 293 287 334 —Itaque
311 294 462 334 Antipho
484 293 590 334 pridie
615 293 685 324 eius
708 294 785 325 diei.
816 304 882 333 quo
898 293 1013 324 sabula
1030 294 1151 333 agitur,
1174 302 1313 326 uxorem
1331 296 1466 327 duxisse

100 340 269 380 putandus
301 346 363 372 cst.
460 352 485 384 ‘”.

189 419 215 457 Ι,
246 424 272 456 1,
289 424 319 451 9.
337 418 373 450 dc
389 419 528 451 demenso
539 419 608 463 suo]
633 421 749 452 Graeci
768 428 801 451 et¹
816 421 959 451 Romani
975 426 1101 451 certam
1117 421 1285 461 quandam
1303 420 1462 452 frumenti

98 476 287 497 mensuram
313 467 414 498 servis
442 468 509 498 snis
539 468 579 498 ad
607 468 732 498 victum
758 467 896 505 dabant,
931 467 1020 506 quod
1044 467 1082 497 iis
1103 467 1136 497 in
1157 467 1308 506 singulos
1328 477 1464 498 menses

97 513 148 544 vel
172 513 291 544 ultimo
314 513 366 544 vel
386 514 494 553 primo
513 515 638 545 mensis
659 515 710 544 die
729 515 880 544 admensi
897 524 967 544 csse
982 514 1147 544 videntur.
1192 515 1296 555 Apud
1316 513 1466 545 Graecos

96 558 212 602 χοῖνιξ
233 559 272 600 (i.
292 569 320 590 e.
340 560 407 590 duo
425 561 575 599 sextarii,
594 561 661 591 scre
687 567 848 601 quantum
864 561 951 601 apud
971 565 1137 591 nostrates
1152 572 1187 590 «312
1205 560 1279 597 Pol)
1307 560 1463 591 frumenti

96 606 137 636 ad
169 607 280 637 cibum
314 606 469 637 diurnum
503 608 686 638 constituta
720 606 823 638 fuisse
858 608 1004 644 videtui-3
1045 608 1133 647 apud
1170 607 1346 638 Romanos
1380 609 1462 638 servi

96 660 278 693 quaternos
303 659 361 684 aut
386 654 504 693 quinos
530 655 660 685 modios
687 655 720 692 (i.
750 664 778 684 c.
804 658 846 684 32
874 659 931 684 aut
960 657 1002 683 40
1032 653 1226 692 choenices)
1253 655 1289 684 in
1312 663 1462 684 mensem

94 699 322 740 accipiebant,
349 701 438 740 quod
465 699 636 731 demensum
664 701 846 731 dicebatur.
908 701 1063 741 Quinque
1096 700 1199 731 modii
1227 699 1297 731 fere
1336 706 1464 731 tantum

94 744 253 777 frumenti
281 745 442 784 efficiunt,
471 754 631 787 quantum
660 748 747 788 apud
773 757 834 777 nos
860 748 969 778 nautis
997 747 1030 776 in
1057 757 1206 778 mensem
1238 747 1345 777 datur.

186 827 214 864 Ι,
243 831 270 865 1,
296 827 490 858 13.11b1‹1ra
508 827 674 870 peperwit]
701 829 841 859 Festum
860 825 1096 870 ιῖμφιδρόμια
1117 828 1184 858 sive
1209 825 1462 869 δρομιάμφιον

93 865 190 917 ἦμαρ
212 874 376 915 respicere
393 875 531 906 videtur.
565 876 698 906 Etenim
718 876 835 914 quinto
853 878 938 915 (aut,
955 881 990 904 ut
1009 875 1131 905 alicubi
1148 875 1281 914 legitur,
1301 875 1462 915 septimo)

93 927 170 961 post
193 927 326 960 partum
347 921 400 951 die
420 922 586 954 mulimcs.
609 931 662 961 qu
657 932 694 952 ae
718 922 915 962 pa··it1uienti
937 920 1124 958 adsumant
1158 930 1276 951 manus
1297 921 1456 951 lavabant

94 973 126 998 et
151 966 317 998 infantem
343 968 434 999 circa
460 967 571 999 focum
601 975 772 999 currentes
799 969 994 1009 portabant,
1031 967 1197 1008 amicique
1225 974 1257 997 et
1280 968 1461 1008 propinqui

94 1013 214 1045 infanti
242 1015 443 1045 munuscula
468 1016 663 1052 mittebant,
698 1015 895 1055 plerumque
921 1015 1061 1056 polypos
1086 1021 1118 1045 et
1143 1014 1264 1054 sepias.
1302 1031 1343 1035 —
1378 1014 1465 1045 Sunt

93 1061 208 1099 etiam,
226 1061 283 1101 qui
305 1061 429 1099 dicant,
450 1061 567 1092 iisdem
586 1062 839 1102 amphidromiis
858 1071 982 1092 nomen
1001 1062 1121 1092 infanti
1138 1061 1333 1101 impositum
1353 1060 1463 1097 fuisse,

93 1107 183 1148 quod
209 1107 266 1138 alii
292 1108 434 1148 septimo
461 1108 555 1148 (hinc
581 1105 880 1153 ἓβδομεύεσθζαι),
907 1108 963 1138 alii
990 1109 1121 1140 decimo
1146 1113 1223 1148 post
1249 1114 1382 1148 partum
1409 1109 1463 1138 die

93 1154 187 1192 (hinc
212 1150 278 1196 τὴν
305 1151 460 1197 δεκάτην
489 1153 597 1188 θύειν
630 1156 683 1186 vel
716 1157 833 1188 ποιεῖν
860 1156 911 1186 vel
938 1152 1092 1197 δεκάτην
1118 1152 1299 1192 ἑστιᾶσαι)
1333 1154 1461 1186 factum

94 1211 165 1232 esse
182 1202 326 1232 tradunt.

185 1280 209 1319 l,
239 1286 267 1320 1,
297 1285 345 1313 15.
377 1282 429 1313 ubi
454 1281 630 1324 initiabant]
659 1282 835 1321 Quaenam
861 1283 915 1312 hic
942 1283 1032 1312 dicat
1059 1280 1164 1318 initia,
1191 1283 1370 1313 obscurum
1398 1287 1461 1314 est,

91 1329 248 1360 Donatus
275 1338 317 1359 ex
342 1329 497 1360 Varrone
523 1329 650 1367 adfert,
685 1339 821 1370 pueros,
854 1329 910 1359 ubi
936 1329 1080 1369 primum
1107 1338 1126 1358 a
1152 1329 1238 1359 lacte
1265 1334 1297 1359 et
1321 1339 1341 1359 a
1368 1329 1462 1359 cunis

92 1376 304 1412 transissent,
330 1376 480 1407 initiatos
506 1376 610 1412 fuisse
637 1377 780 1407 Eduliae
807 1375 1016 1416 (sEdus-ac)
1037 1382 1069 1405 et
1086 1375 1225 1405 Poticae
1243 1376 1283 1415 (s.
1300 1375 1460 1415 Potinae)

91 1429 124 1453 et
144 1421 270 1458 Cubae,
291 1423 374 1453 divis
398 1422 519 1453 edendi
541 1431 572 1454 et
594 1424 731 1464 potandi
757 1429 790 1453 et
812 1422 977 1459 cubandi3
1005 1423 1051 1452 ait
1068 1428 1245 1462 praeterea
1264 1423 1457 1453 Terentium

90 1469 337 1509 Apollodorum
357 1470 489 1510 sequi‚‹
480 1471 568 1511 apud
588 1480 687 1511 quem
707 1470 762 1509 leg
764 1475 849 1503 ιιείιι,
871 1469 905 1498 in
922 1469 1034 1499 insula
1052 1468 1084 1500 S
1080 1469 1213 1499 imothr
1216 1479 1312 1499 acum
1331 1479 1351 1499 ιι
1366 1475 1456 1500 celto

91 1521 242 1561 tempore
267 1525 390 1556 pueros
414 1516 537 1547 initiari
564 1527 658 1548 more
683 1517 953 1552 Atheniensium,
978 1516 1066 1555 qnod
1085 1522 1121 1545 ut
1140 1515 1174 1545 in
1191 1515 1333 1555 palliata
1351 1517 1457 1555 magis

90 1562 309 1608 piobandum
329 1572 415 1593 esse.
450 1581 490 1585 --
527 1564 615 1595 Fieri
642 1569 770 1604 potest,
807 1570 841 1593 ut
866 1562 1088 1602 respiciantur
1111 1558 1338 1602 Ἀπατούρια,
1369 1563 1458 1602 qnod

89 1609 211 1640 festum
225 1619 337 1640 mense
350 1609 806 1655 Pyanepsione(fe1enost10
820 1608 975 1645 Octobii)
989 1619 1047 1649 per
1065 1614 1132 1640 tres
1152 1610 1221 1639 (hes
1241 1609 1276 1639 in
1294 1609 1472 1650 honorenr

89 1655 214 1686 Bacchi
232 1657 408 1696 agebatur3
434 1657 553 1687 horum
579 1657 707 1697 primus
737 1654 910 1697 (δόρπεια
924 1654 1114 1697 &donziaci
1144 1656 1293 1686 convivio
1310 1656 1458 1686 celebra-

90 1702 205 1740 batur,
232 1703 397 1740 secundo,
425 1704 479 1743 qui
509 1704 684 1734 dicebatur
710 1700 921 1746 ἅναῤῥυσις,
946 1701 1018 1732 lovi
1043 1701 1200 1732 Phratrio
1229 1710 1260 1732 et
1285 1702 1457 1732 Minervae

90 1759 185 1780 sacra
217 1748 403 1786 faciebant‚
441 1750 556 1787 tertio,
594 1751 649 1790 qui
682 1751 865 1780 vocabatur
900 1749 1112 1791 κουρεῶτις,
1158 1754 1270 1789 patres
1312 1748 1457 1779 infantes

90 1795 264 1836 superiore
289 1806 378 1827 anno
404 1804 512 1834 natos,
543 1803 723 1837 postquam
752 1807 808 1827 cos
835 1796 1063 1827 Athenienses
1091 1806 1110 1826 a
1137 1806 1171 1826 se
1190 1795 1456 1826 Atheniensibus

89 1843 178 1880 iusto
195 1843 409 1873 matrimonio
425 1849 553 1875 creatos
570 1853 643 1874 esse
659 1844 836 1880 iurassent,
863 1848 920 1873 aut
950 1843 1051 1873 etiam
1070 1842 1214 1873 maiores
1232 1849 1314 1872 natu
1332 1841 1456 1872 liberos

90 1894 122 1919 ct
147 1889 320 1930 adoptivos
346 1890 432 1920 inter
463 1887 652 1933 φράτορας
675 1887 889 1932 εεγεννήτας
904 1890 1113 1930 recipiendos
1141 1889 1316 1925 curabant,
1344 1889 1458 1919 oblata

88 1936 235 1974 victima,
263 1945 347 1976 quac
368 1936 543 1968 dicebatur
563 1939 665 1979 μεῖον
689 1937 740 1968 vel
763 1934 931 1978 κούρειον
954 1947 978 1967 s.
1005 1933 1164 1977 κούριον.
1216 1935 1324 1965 Erant
1345 1941 1455 1965 autem

90 1982 233 2014 Athenis
259 1983 434 2014 duodecim
462 1983 654 2026 φρατρίαι,
690 1985 809 2024 quibus
846 1984 978 2024 privata
1012 1983 1178 2023 quaedam
1214 1992 1310 2013 sacra
1342 1987 1454 2019 erant3

88 2029 206 2060 harum
241 2029 394 2069 singulae
433 2031 571 2070 triginta
605 2037 723 2071 gentes
758 2027 870 2073 (γένη)
907 2029 1133 2060 continebant.
1205 2029 1271 2067 Qui
1305 2028 1454 2059 eiusdem

89 2074 272 2118 φρατρίας
297 2084 399 2114 erant,
427 2077 626 2108 dicebantur
653 2074 846 2120 φράτορες,
874 2077 929 2117 qui
956 2076 1104 2107 eiusdem
1130 2077 1250 2114 gentis,
1277 2075 1453 2118 γεννῆται.

178 2156 212 2194 Ι,
255 2160 292 2194 2,
339 2160 393 2189 28.
444 2156 624 2188 Advorsum
660 2157 813 2189 stimulum
855 2155 967 2199 calces]
1020 2157 1185 2188 Graecum
1237 2156 1453 2197 proverbium

87 2207 137 2233 est
157 2199 252 2246 πρὸς
274 2200 406 2245 κέντρα
432 2203 609 2244 λακτίζειν
641 2205 794 2245 (Pindar.
820 2205 919 2245 Pyth.
945 2204 989 2241 ΙΙ,
1023 2206 1101 2241 173;
1144 2203 1298 2244 Aeschyl.
1325 2204 1452 2242 Agam.

91 2252 195 2287 1624;
222 2250 374 2291 Euripid.
395 2250 520 2281 Bacch.
551 2255 635 2289 795,
670 2252 768 2291 alibi3
807 2251 866 2282 cfr.
900 2248 993 2293 πρὸς
1029 2248 1160 2293 κέντρα
1192 2250 1307 2282 κῶλον
1345 2246 1452 2282 ἐκτεί-

87 2307 162 2328 νειν
201 2296 325 2327 Aesch.
356 2296 526 2328 Prometh.
562 2299 664 2339 323),
706 2299 843 2329 ductum
888 2308 907 2328 a
949 2298 1056 2328 bobus
1099 2297 1240 2338 aliisque
1281 2297 1452 2333 iumentis,

88 2351 174 2383 quae
207 2343 344 2374 stimulo
379 2344 448 2375 sive
489 2344 581 2384 ligno
609 2350 794 2386 praeacuto
837 2355 856 2375 a
891 2350 986 2384 tergo
1023 2344 1341 2383 fodientes‘regere
1378 2343 1451 2381 agi·

88 2393 214 2421 tatores
258 2386 431 2428 solebant3
478 2391 625 2422 calcibus
659 2392 747 2422 enim
781 2391 913 2422 reiectis
949 2401 984 2421 se
1021 2391 1093 2431 ipsa
1127 2390 1319 2421 laedebant.
1382 2388 1449 2420 Cfr.

40 2448 43 2452 ’
76 2435 197 2466 Flam.
217 2436 356 2473 Trucul.
369 2436 431 2474 IV,
451 2441 562 2474 2f55:
582 2438 623 2469 ,Si
633 2437 773 2468 stimulos
786 2437 901 2479 puynis
916 2436 1034 2474 caedis,
1050 2437 1192 2467 manibus
1203 2435 1275 2477 plus
1292 2434 1385 2468 dolet.
1410 2453 1450 2458 --

87 2481 349 2520 Quumautem
382 2483 416 2513 in
447 2485 630 2524 proverbiis
667 2485 777 2525 ipsum
809 2485 945 2516 verbum
976 2485 1110 2524 saepius
1137 2484 1328 2520 omittatur⁷
1363 2483 1452 2512 hunc

85 2527 197 2560 locum
226 2534 315 2560 reete
341 2529 510 2570 explicare
537 2531 699 2568 videntur,
727 2531 782 2571 qui
808 2531 1066 2570 intelligendum
1093 2538 1232 2561 censent
1257 2529 1385 2560 iactare.
