1605 2814
549 118 627 149 Act.
655 118 713 148 111.
764 117 818 149 Sc.
845 117 890 149 11.
1295 121 1339 156 15

26 245 66 286 Si
99 245 167 284 tibi
198 243 359 295 placere
391 242 493 294 potis
525 245 596 289 est,
631 243 679 280 mi
712 245 751 281 ut
782 241 1049 292 respondeas:

28 301 152 348 Quem
183 298 349 338 amicum
379 302 484 336 tuum
509 299 565 336 ais
598 296 722 335 fuisse
752 297 900 336 istum?
932 297 1099 349 explana
1132 298 1241 347 mihi,

26 357 75 397 Et
104 355 168 407 qui
199 358 410 405 cognatum
443 365 504 392 me
543 352 617 391 sibi
652 364 741 391 esse.
773 353 939 391 diceret.

32 423 100 451 ΡΗ.
162 408 334 449 Proinde
366 409 590 460 emiserim,
624 408 734 459 quasi
753 420 832 447 non
856 420 1007 447 nosses.
1072 419 1147 447 DE.
1197 407 1398 448 Nossem'?

631 466 704 502 PH.
751 463 820 503 lta.
1349 463 1398 502 35

31 533 107 560 DE.
165 519 252 571 Ego
288 531 349 558 me
380 531 507 571 neg03
539 523 593 568 tu,
630 519 695 569 qui
729 519 800 564 ais,
832 519 971 569 redige
1007 519 1043 557 in
1078 519 1319 558 memoriam.

32 588 103 616 ΡΗ.
160 575 260 621 Eho,
291 580 331 615 tu
363 575 568 614 sobrinum
603 579 708 613 tuum
742 586 817 613 non
852 574 999 613 noras?
1060 586 1133 612 DE.
1179 574 1345 620 Enicas3

29 632 101 671 Dic
117 642 275 669 nomen.
337 643 408 669 ΡΗ.
441 629 628 669 Nomen‘?
690 641 765 669 DE.
798 629 998 676 Maxumffi
1024 629 1117 680 quid
1138 642 1240 668 nuuc
1259 630 1400 669 taces?

32 699 102 726 ΡΗ.
164 685 268 725 Perii
300 685 458 735 hercle,
500 697 643 724 nomeu
685 686 856 736 perdidi.
919 697 993 723 DE.
1037 685 1152 735 ilem,
1186 686 1278 736 quid
1310 686 1401 725 ais?

631 753 701 779 PH.
749 740 858 789 Geta,

30 797 70 837 Si
102 797 314 836 meministi
346 797 403 844 id,
453 795 558 847 quod
592 797 683 834 olim
717 797 924 837 dictumst,
956 796 1105 835 subice.
1173 796 1293 846 Hem,
1352 797 1404 836 40

31 853 117 893 Non
149 853 262 898 dico3
294 852 406 903 quasi
439 864 516 890 non
551 852 674 897 noris,
708 856 934 903 temptatum
963 853 1140 892 advenis

34 908 107 947 DE.
156 907 282 959 Egon'
306 912 433 947 autem
463 912 612 958 tempto
626 910 644 944 'd
705 918 780 946 GE.
813 907 980 958 Stilpho.
1045 920 1116 946 PH.
1150 908 1280 959 Atque
1305 907 1405 946 adeo

630 963 722 1014 quid
753 963 868 1001 mea‘?

33 1020 242 1072 Stilphost.
310 1031 385 1058 DE.
458 1019 582 1066 Quem
616 1018 744 1057 dixti?
805 1030 874 1056 PH.
935 1017 1196 1069 Stilphonem,
1232 1019 1406 1070 inquam.

635 1086 818 1113 noveras.

36 1144 110 1170 ΒΕ.
169 1130 308 1181 Neque
341 1142 418 1183 ego
451 1129 559 1167 illum
594 1142 743 1176 noram,
777 1141 905 1180 neque
937 1129 987 1167 mi
1016 1134 1212 1179 cognatus
1243 1128 1313 1168 fuit

36 1186 253 1238 Quisquam
275 1186 378 1225 istoc
397 1186 570 1224 nomine.
612 1197 685 1224 ΡΗ.
711 1184 848 1223 itane?
866 1196 944 1223 non
964 1185 1154 1224 loliorum
1172 1184 1325 1237 pudet?
1357 1185 1408 1224 45

33 1244 87 1282 At
117 1243 149 1282 si
182 1241 369 1280 talentum
406 1253 489 1278 rem
525 1241 755 1292 reliquisset
784 1240 944 1288 decem⁷
976 1263 1026 1268 ——

37 1309 112 1336 DE.
171 1296 218 1336 Di
252 1297 321 1335 tibi
353 1296 615 1335 malefaciant.
675 1308 747 1334 PH.
808 1295 958 1334 Primus
991 1308 1118 1344 esseS‚
1151 1297 1385 1335 memoriter

37 1352 276 1405 Progeniem
316 1355 484 1391 vostram
526 1363 652 1404 usque
693 1351 738 1390 ab
779 1363 852 1389 avo
885 1356 1001 1403 atque
1038 1355 1151 1391 atavo
1184 1351 1410 1403 proferens,

40 1421 114 1448 DE.
174 1408 226 1447 lta
257 1412 299 1446 ut
331 1407 445 1446 dicis.
505 1407 591 1459 Ego
623 1412 716 1452 tum,
747 1419 833 1445 cum
866 1408 1132 1457 advenissem,
1164 1409 1227 1458 qui
1262 1407 1354 1447 mihi

38 1463 216 1516 Cognata
250 1475 296 1502 ea
326 1467 443 1507 esset,
479 1462 676 1511 dicerem3
706 1463 841 1501 itidem
873 1468 915 1502 tu
946 1463 1051 1502 sace:
1361 1462 1413 1501 50

40 1518 165 1559 Cedo.
195 1520 302 1569 quist
329 1518 531 1571 cognata?
596 1531 668 1558 GE.
713 1518 768 1556 Eu
788 1525 940 1568 noster,
961 1523 1096 1565 recte;
1116 1519 1213 1557 lieus
1231 1523 1283 1569 tu,
1303 1531 1413 1558 cave.

40 1586 112 1613 ΡΗ.
170 1573 350 1613 Dilucide
382 1575 589 1623 expedivi,
623 1574 763 1625 quibus
803 1587 863 1612 me
893 1576 1084 1625 oportuit,

40 1629 263 1677 iudicibus;
294 1635 373 1669 tmn
405 1629 442 1668 id
474 1630 507 1668 si
539 1628 676 1668 falsum
710 1629 848 1675 fuerat,
880 1630 982 1669 filius

42 1684 122 1724 Cur
152 1697 229 1724 non
261 1684 442 1724 refellit?
499 1697 574 1723 DE.
621 1685 757 1724 Filium
793 1697 929 1724 narras
963 1686 1087 1724 milii‘?

43 1739 164 1780 Cuius
197 1741 244 1778 de
275 1740 439 1779 stultitia
475 1740 567 1783 dici.
600 1745 643 1780 ut
668 1741 878 1794 dignumst,
911 1753 988 1780 non
1019 1745 1159 1792 potest.
1365 1742 1414 1779 55

42 1807 116 1835 PH.
176 1796 227 1835 At
258 1800 311 1843 tu,
343 1796 408 1847 qui
441 1796 599 1847 sapiens
633 1809 688 1843 es,
721 1797 968 1848 magistratus
995 1797 1072 1846 adi,

43 1851 230 1890 Iudicium
267 1851 315 1889 de
347 1851 484 1889 eadem
516 1863 657 1890 caussa
689 1852 826 1891 iterum
858 1855 900 1890 ut
930 1853 1096 1891 reddant
1127 1852 1214 1897 tibi3

44 1906 374 1957 Quandoquidem
407 1906 518 1945 solus
551 1919 711 1955 regnas,
743 1911 779 1945 et
805 1907 878 1951 soli
915 1907 1007 1945 licet

46 1961 115 2000 Hic
146 1962 194 2001 de
228 1962 364 2001 eadem
398 1973 536 2001 caussa
568 1962 628 2000 bis
661 1963 848 2001 iudicium
881 1964 1066 2013 apiscier.

47 2028 123 2055 DE.
181 2017 261 2056 Etsi
291 2017 384 2055 mihi
416 2016 517 2056 facta
550 2018 744 2061 iniuriast,
777 2031 912 2057 verum
946 2024 1074 2058 tamen
1367 2020 1419 2058 60

46 2071 182 2111 Potius
213 2085 326 2122 quam
360 2073 448 2111 lites
479 2077 610 2111 secter
643 2078 709 2112 aut
740 2087 853 2124 quam
887 2078 923 2111 te
955 2074 1124 2125 audiam,

46 2127 184 2166 Itidem
217 2133 257 2166 ut
288 2132 457 2179 cognata
489 2128 521 2166 si
557 2128 621 2177 sit,
654 2129 690 2169 id
721 2130 824 2181 quod
859 2129 922 2168 lex
954 2130 1062 2168 iubet

46 2182 191 2222 Dotem
225 2183 333 2229 dare.v
367 2183 520 2222 abduce
557 2183 670 2233 lianc,
704 2186 827 2224 minas
860 2186 1034 2236 quinque
1066 2187 1216 2237 accipe.

50 2250 120 2277 PH.
179 2238 252 2286 Ha,
283 2238 344 2287 lia,
377 2239 463 2285 liae,
495 2239 615 2278 homo
647 2242 793 2281 suavis,
856 2253 932 2280 ΒΕ.
965 2241 1098 2286 Quid?
1129 2254 1218 2281 num
1245 2241 1422 2293 iniquom

648 2296 840 2345 postulo?

51 2353 111 2390 An
139 2364 188 2390 ne
219 2351 296 2391 hoc
325 2351 483 2402 quidem
511 2364 587 2405 ego
613 2352 826 2403 adipiscar,
856 2351 959 2403 quod
981 2353 1040 2390 ius
1068 2351 1331 2402 publicumst?
1373 2352 1423 2391 65

51 2419 126 2446 PH.
158 2407 256 2446 ltan’
280 2406 450 2456 tandem,
471 2419 635 2457 quaese,
661 2410 750 2446 item
770 2413 809 2446 ut
831 2408 1080 2446 meretricem
1102 2407 1169 2446 ubi
1188 2408 1333 2448 abusus
1355 2408 1425 2457 sis,

51 2461 274 2501 Mercedem
308 2462 403 2501 dare
433 2462 498 2501 lex
528 2463 638 2501 iubet
669 2463 717 2501 eii
751 2467 866 2514 atque
899 2461 1113 2501 amittere?

52 2516 128 2567 An,
161 2522 201 2557 ut
231 2530 282 2557 ne
315 2517 407 2569 quid
440 2521 553 2569 turpe
581 2519 677 2558 civis
710 2519 747 2557 in
779 2531 822 2558 se
856 2519 1078 2558 admitteret

89 2597 114 2621 P.
139 2598 235 2622 Terenti
255 2599 381 2623 Phormio.
1019 2606 1026 2610 .
1092 2572 1162 2621 (2)
