2912 4368
802 924 882 956 Act.
909 923 972 954 IV.
1024 923 1077 955 Sc.
1105 923 1150 955 II.
1562 926 1612 967 23

300 1051 431 1090 Petam
463 1050 566 1096 hinc,
598 1049 704 1089 unde
736 1061 757 1088 a
780 1049 909 1101 primo
941 1048 1115 1099 institui3
1148 1050 1181 1089 is
1214 1050 1247 1089 si
1281 1051 1360 1101 dat,
1392 1056 1450 1091 sat
1484 1057 1559 1102 est;

302 1107 342 1147 Si
373 1107 417 1146 ab
448 1118 496 1144 eo
528 1105 582 1145 nil
614 1105 695 1153 fiet,
725 1109 806 1144 tum
838 1105 943 1144 hunc
975 1105 1135 1145 adoriar
1168 1107 1381 1160 hospitem.
1624 1109 1669 1147 15

603 1216 643 1255 A
657 1214 810 1256 CTUS
840 1214 921 1256 JV.
994 1213 1240 1256 SCAEAA
1272 1218 1359 1258 HI.

442 1302 683 1344 ΑΝΤΙΡΗΟ.
749 1303 901 1344 GETA.
965 1303 1214 1345 CHREMES.
1275 1306 1521 1347 DEMIPHO.

303 1395 372 1422 AN.
431 1382 629 1434 Expecto,
664 1395 778 1435 quam
808 1395 901 1421 mox
932 1385 1103 1436 recipiat
1135 1398 1228 1424 sese
1261 1385 1379 1431 Geta;

300 1439 365 1480 Set
399 1444 579 1491 patruum
613 1440 728 1480 video
763 1452 850 1479 cuni
885 1444 996 1492 patre
1030 1441 1270 1481 adstantem.
1327 1442 1371 1481 Ei
1402 1443 1512 1489 mihi,

299 1496 421 1543 Quam
454 1496 591 1545 timeo,
625 1495 817 1535 adventus
855 1496 973 1536 huius
1007 1509 1086 1548 quo
1119 1498 1284 1550 inpellat
1317 1505 1482 1550 patrem.

297 1564 370 1590 GE.
430 1551 576 1591 Adibo.
638 1550 669 1590 O
702 1553 812 1592 salve
844 1559 986 1592 noster
1021 1553 1208 1593 Chreme.
1271 1567 1344 1595 CH.
1392 1556 1523 1604 Salve,
1557 1554 1670 1595 Geta.

298 1620 374 1647 GE.
435 1606 581 1646 Venire
603 1608 973 1661 salvomvolupest.
1037 1622 1108 1651 cu.
1144 1610 1291 1651 Credo.
1348 1624 1423 1650 GE.
1457 1611 1559 1658 Quid
1582 1612 1673 1665 agi-

902 1665 995 1704 tur‘?
1648 1669 1669 1705 5

298 1731 366 1758 CH.
423 1718 556 1758 Multa.
592 1721 818 1762 advenienti
855 1728 896 1762 ut
932 1722 992 1771 fit;
1027 1734 1129 1761 nova
1163 1723 1226 1762 hic
1260 1723 1482 1775 conpluria.

298 1787 371 1814 GE.
433 1775 500 1815 lta.
560 1775 620 1816 De
674 1778 906 1831 Antiphone
964 1778 1147 1818 audistin*
1207 1791 1308 1831 quae
1368 1779 1501 1818 faeta?
1597 1791 1670 1819 cri.

901 1834 1054 1874 Omnia.

299 1901 373 1928 GE.
430 1888 526 1928 Tun'
562 1889 719 1929 dixeras
756 1891 878 1930 huie?
914 1891 1068 1930 facinus
1104 1891 1326 1941 indignum,
1365 1890 1551 1941 Chreme,

299 1945 364 1984 Sic
394 1944 610 1985 circumiri.
673 1959 750 1988 DE.
812 1949 854 1987 ld
887 1960 974 1987 cum
1008 1947 1084 1987 hoe
1117 1943 1283 2000 agebam
1322 1947 1585 1987 commodum.

298 2013 373 2040 GE.
432 2000 526 2040 Nam
561 2001 695 2042 hercle
729 2017 805 2058 ego
840 2015 1003 2057 quoque
1044 2003 1082 2042 id
1128 2003 1287 2056 quidem
1329 2004 1486 2058 agitans
1519 2015 1671 2043 mecum

899 2059 1042 2111 sedulo
1629 2058 1674 2099 10

296 2113 448 2162 Inveni,
483 2114 644 2165 opinor,
681 2115 902 2154 remedium
940 2116 1030 2155 huic
1062 2117 1134 2157 rei.
1198 2128 1269 2154 CH.
1300 2114 1418 2165 Quid,
1455 2115 1583 2155 Geta?

301 2182 377 2210 DE.
438 2169 552 2217 Quod
583 2170 834 2211 remedium?
896 2184 970 2210 GE.
1015 2171 1064 2211 Ut
1100 2172 1177 2211 ahii
1207 2172 1275 2211 abs
1310 2177 1361 2219 te,
1395 2171 1434 2210 fit
1465 2171 1566 2210 sorte
1597 2171 1674 2210 ob-

903 2229 1005 2267 viam

300 2283 394 2322 Mihi
425 2283 627 2322 Phormio.
691 2295 761 2323 CH.
795 2284 870 2330 Qui
902 2283 1121 2323 Phormio?
1182 2296 1258 2323 GE.
1291 2284 1341 2334 Is,
1376 2285 1441 2335 qui
1476 2284 1588 2321 istam
1621 2305 1673 2309 -

905 2353 975 2379 CH.
1011 2340 1119 2380 Seio.

300 2408 374 2435 GE.
435 2396 613 2435 Visumst
645 2397 710 2444 mi,
743 2401 783 2434 ut
815 2397 903 2435 eius
938 2402 1173 2447 temptarem
1206 2397 1316 2447 prius
1351 2397 1601 2435 sententiam.

299 2452 453 2491 Prendo
489 2452 687 2491 hominem
720 2452 870 2500 solum:
910 2451 989 2492 Cur
1021 2464 1116 2501 non,
1149 2452 1325 2502 inquam,
1370 2452 1571 2502 Phormio,
1626 2452 1671 2490 15

298 2508 431 2549 Vides.
464 2509 568 2547 inter
600 2520 671 2546 vos
705 2509 762 2546 sic
794 2508 894 2547 haee
928 2509 1060 2559 potius
1097 2520 1185 2546 cum
1209 2508 1313 2547 hona

300 2564 345 2602 Ut
377 2568 657 2615 conponantur
688 2565 816 2617 gratia
850 2577 965 2616 quam
997 2577 1084 2603 cum
1119 2564 1249 2602 mala?

299 2620 401 2659 Erus
433 2620 611 2660 liberalis
644 2625 702 2659 est
734 2626 773 2659 et
805 2619 980 2673 fugitans
1011 2620 1158 2668 litium3

297 2675 394 2715 Nam
432 2677 556 2715 ceteri
590 2676 750 2727 quidem
786 2676 920 2714 hercle
953 2677 1068 2715 amici
1103 2687 1244 2715 onmes
1278 2674 1396 2714 modo

298 2732 386 2771 Uno
421 2743 490 2770 ore
523 2736 708 2771 auctores
743 2732 871 2781 suere,
904 2736 944 2771 ut
976 2732 1236 2783 praecipitem
1274 2731 1377 2770 hane
1409 2731 1533 2769 daret.
1622 2727 1673 2766 20

299 2799 371 2826 AN.
432 2787 534 2833 Quid
560 2788 623 2826 hie
650 2792 811 2839 coeptat
838 2792 903 2826 aut
926 2800 1003 2839 quo
1024 2788 1169 2825 evadet
1199 2787 1346 2826 hodie?
1408 2799 1481 2825 GE.
1515 2786 1577 2823 An
1609 2784 1674 2823 le.-

902 2844 1019 2895 gibus

298 2899 491 2937 Daturum
522 2911 676 2950 poenas
710 2898 833 2946 dices,
865 2900 896 2938 si
929 2899 1033 2938 illam
1068 2898 1266 2938 eiecerit?

298 2955 378 2993 Iani
410 2954 447 2992 id
479 2955 793 3005 exploratuinst;
826 2955 930 3001 heia,
964 2954 1125 2994 sudabis
1158 2955 1270 3000 satis,

299 3010 338 3051 Si
363 3022 449 3049 cuin
469 3011 535 3049 illo
556 3011 733 3062 inceptas
755 3011 937 3059 homine3
970 3023 1014 3049 ea
1048 3010 1333 3062 eloquentiast.

299 3066 447 3105 Verum
480 3078 588 3117 pono
623 3077 717 3105 esse
776 3066 784 3073 ⁰
813 3070 882 3109 1⁶⁹*
927 3079 1038 3116 euim
1071 3071 1108 3105 at
1141 3066 1297 3105 tandem
1332 3070 1459 3105 tamen

298 3120 387 3161 Non
422 3121 562 3173 capitis
595 3121 697 3162 eius·
747 3127 757 3132 ⁴*
787 3136 790 3138 ·
870 3139 874 3141 ·
989 3126 1049 3160 set
1081 3123 1291 3174 pecuniae.

298 3177 374 3216 Pos
404 3192 426 3209 ’μ
445 3192 465 3207 -·
488 3177 667 3219 ¹·h0m‘f·
910 3173 962 3246 w!
1033 3179 1162 3218 sentio
1193 3178 1397 3223 mollirier,
