1605 2814
218 123 243 160 4
727 122 950 155 PHORMIO.

164 245 288 291 Quem
321 246 466 285 actoris
497 247 619 286 virtus
651 246 766 285 nobis
799 247 971 285 restituit
1001 247 1131 287 locum

162 299 408 352 Bonitasque
440 306 572 341 vostra
606 302 785 341 adiutans
818 306 934 353 atque
966 303 1265 354 aequanimitas.

517 401 551 439 A
566 399 718 441 CTIJS
746 400 783 440 I.
856 399 889 441 S
898 399 1101 442 CAENA
1128 402 1164 441 J.

753 494 937 535 DAVOS.

164 573 327 613 Amicus
359 585 532 613 summus
564 586 674 613 meus
707 578 743 612 et
776 573 980 624 popularis
1012 574 1111 614 Geta

164 629 259 668 Heri
293 629 338 667 ad
368 642 430 668 me
461 630 589 678 veni13
622 634 709 668 erat
743 630 778 667 ei
811 628 859 667 de
890 630 1110 669 ratiuncula

164 683 399 734 Iampridem
432 690 524 736 aput
556 696 617 723 me
651 685 843 724 relicuum
875 686 1133 736 pauxillulum

163 740 444 789 Nummorum3
477 740 514 779 id
546 746 587 779 ut
621 740 875 778 conficerem.
936 739 1119 786 Confeci,
1153 739 1304 780 adfero.

164 795 259 834 Nam
293 795 430 834 erilem
463 795 581 834 filium
617 797 703 835 eius
734 794 896 834 duxisse
927 796 1045 835 audio
1498 798 1520 835 5

165 851 360 898 Uxorem3
393 852 428 889 ei
461 851 581 891 credo
615 863 754 889 munus
786 849 860 888 boc
892 852 1136 891 conraditur.

165 905 291 952 ‘Quam
325 906 460 957 inique
494 911 804 957 conparatumst‚
837 907 876 952 ii,
907 908 971 958 qui
1005 907 1130 946 minus
1164 906 1323 957 habent,

166 961 213 999 Ut
245 972 406 1011 semper
437 962 582 1013 aliquid
617 962 756 1000 addant
790 961 1070 1002 divinioribus?

168 1016 285 1063 Quod
315 1017 382 1054 ille
417 1017 604 1056 unciatim
637 1018 701 1055 vix
733 1017 781 1056 de
814 1016 1003 1057 demenso
1039 1030 1127 1067 suo,

169 1073 288 1112 Suum
321 1071 536 1111 defrudans
568 1074 744 1125 genium,
777 1074 978 1124 conpcrsit
1011 1074 1142 1124 miser,
1476 1073 1523 1112 10

167 1127 209 1166 ld
240 1128 304 1167 illa
336 1129 566 1167 universum
600 1128 778 1179 abripiet,
812 1128 903 1167 haut
935 1129 1179 1168 existumans

169 1182 327 1229 Quanto
362 1183 499 1222 labore
531 1188 694 1234 partum.
757 1183 880 1222 Porro
913 1189 1039 1223 autem
1073 1185 1172 1224 Geta

168 1238 352 1277 Ferietur
384 1240 461 1278 alio
491 1251 669 1288 munere,
702 1239 767 1278 uhi
801 1251 866 1278 era
903 1241 1129 1291 pepererit;

169 1294 295 1333 Porro
328 1294 406 1333 alio
439 1300 583 1344 aulem,
615 1295 679 1333 ubi
714 1295 789 1334 erit
820 1307 946 1346 puero
979 1296 1119 1334 natalis
1152 1295 1251 1344 d‘es,

169 1348 241 1388 Ubi
274 1350 507 1396 initiabuntj.
541 1362 657 1388 omne
689 1351 765 1389 hoc
797 1354 920 1389 mater
951 1351 1127 1398 auserem
1481 1353 1524 1389 15

170 1405 273 1444 Puer
305 1418 443 1445 caussa
477 1406 550 1444 erit
579 1406 777 1447 mittundi.
838 1405 907 1444 Set
938 1407 1096 1447 videon’
1129 1406 1299 1445 Getam?

514 1504 716 1546 ACTFS
748 1505 782 1546 I.
850 1504 1092 1546 SCAENA
1123 1507 1182 1546 II.

651 1600 797 1640 GETA.
860 1600 1046 1641 DAVOS.

171 1690 246 1717 GE.
308 1677 347 1716 Si
378 1679 466 1730 quis
498 1691 558 1718 me
591 1684 757 1731 quaeret
781 1678 891 1718 rufus
927 1702 970 1707 —
1005 1691 1078 1717 DA.
1121 1679 1338 1728 Praestost‚
1371 1679 1526 1718 desine.

742 1746 816 1773 GE.
884 1734 958 1778 Oh,

169 1789 221 1827 At
253 1800 330 1842 ego
364 1790 517 1829 obviam
550 1790 724 1829 conabar
756 1791 837 1828 tibi.
871 1790 992 1829 Dave.
1055 1802 1128 1828 DA.
1166 1791 1336 1841 Accipe,
1366 1802 1426 1828 em

168 1844 389 1885 Lecluinst:
421 1846 632 1884 comeniet
667 1856 869 1886 numerus,
888 1850 1087 1897 quantum
1120 1845 1251 1884 debui.

171 1901 408 1939 GE.A1110
443 1906 479 1939 te
513 1905 549 1939 et
581 1913 659 1939 non
691 1888 921 1954 neglexisse
964 1902 1091 1940 haben
1123 1902 1302 1947 oratiam.

170 1967 244 1996 DA.
302 1956 541 1995 Praesertim
575 1961 614 1994 ut
647 1968 751 1994 nunc
781 1962 871 1995 sunt
903 1969 1051 2001 mores,
1083 1946 1183 1996 adeo
1216 1969 1282 1996 res
1314 1956 1440 1996 redit:
1505 1959 1526 1995 5

170 2011 209 2051 Si
243 2012 329 2062 quis
363 2011 455 2062 quid
490 2011 634 2054 reddit
668 2024 808 2065 magna
843 2011 1063 2052 liabendast
1092 2014 1231 2066 gratia.

171 2066 237 2105 Set
258 2067 351 2118 quid
375 2072 412 2105 tu
436 2080 478 2106 es
501 2068 646 2106 tristis
634 2067 654 2095 9
707 2079 779 2106 GE.
784 2066 988 2163 DEgone?
1021 2068 1165 2118 nescis,
1198 2079 1276 2119 quo
1302 2068 1338 2106 in
1362 2071 1468 2107 metu
1492 2072 1529 2107 et

171 2121 387 2167 Quantum
413 2123 564 2172 periclo
589 2123 723 2162 simus.
850 2123 992 2171 .Quid
1017 2124 1118 2163 istuc
1140 2124 1228 2162 est?
1294 2135 1368 2165 GE..
1403 2123 1528 2170 Scies,

169 2177 288 2217 Modo
321 2181 361 2216 ut
393 2183 529 2217 tacere
562 2179 706 2229 possis.
773 2191 844 2218 DA.
888 2180 960 2218 Abi
993 2179 1061 2228 sis,
1094 2180 1288 2218 insciens:
1536 2174 1540 2182 “

171 2231 293 2272 Cuius
324 2238 361 2272 tu
393 2233 507 2272 fidem
540 2234 580 2272 in
612 2234 781 2285 pecunia
808 2235 1081 2287 perspexeris,
1482 2234 1529 2274 10

168 2286 322 2327 Verere
354 2289 474 2328 verba
510 2289 546 2327 ei
578 2289 777 2328 credeie?
809 2291 873 2329 ubi
905 2291 999 2341 quid
1031 2289 1124 2329 mihi
1160 2290 1298 2329 lucrist

171 2342 228 2381 Tc
247 2343 418 2383 fallere?
467 2356 539 2383 GF.
571 2344 676 2397 Ergo
696 2347 886 2385 ausculta.
936 2357 1008 2385 DA
1032 2345 1138 2385 Hanc
1156 2358 1318 2397 operam
1336 2345 1406 2384 tibi
1424 2345 1528 2386 dico.

173 2410 246 2437 GE.
308 2400 422 2439 Senis
455 2400 596 2446 nostri,
631 2401 751 2451 Dave,
784 2400 946 2440 fratrem
980 2401 1170 2441 maiorem
1203 2400 1412 2440 Chremem

170 2452 372 2494 Nostine?
440 2467 513 2494 DA.
559 2455 735 2502 Quidni?
797 2469 871 2506 GE,
915 2456 1049 2504 Quid?
1092 2458 1177 2496 eius
1207 2461 1369 2510 gnatum
1400 2455 1527 2495 Phae-

771 2511 925 2552 driam?
