1605 2814
203 123 205 126 '
240 131 287 169 10
745 127 970 160 PHORMIO.

180 252 249 292 Set
280 253 388 304 quod
422 251 540 291 modo
569 251 633 290 hic
663 262 737 290 nos
764 251 1034 303 Antiphonem
1067 253 1308 299 monuimus,

180 308 222 347 ld
254 308 553 370 nosmetipsos
589 307 724 346 facere
757 311 926 369 oportet,
953 307 1160 347 Phaedria.

180 375 254 401 PH.
312 363 439 402 Aufer
473 363 524 401 mi
556 367 738 415 opor;tet
771 363 869 414 quin
894 366 947 412 tu,
978 363 1072 414 quid
1105 363 1260 413 faciam,
1295 363 1448 415 inpera.
1486 365 1537 402 45

181 430 254 457 GE.
314 418 582 466 Meministin,
616 417 708 457 olim
742 423 784 457 ut
814 417 933 456 fuerit
964 423 1098 458 vostra
1129 419 1258 480 oratio

180 474 222 513 In
253 485 297 512 re
328 474 556 525 incipiunda
590 473 639 512 ad
671 473 961 512 defendendam
993 474 1167 521 noxiam,
1268 512 1269 515 Ἴ
1295 508 1299 509 ι

179 530 322 569 Iustam
354 529 458 568 illam
491 541 685 574 caussam,
719 528 888 572 facilem
919 529 1162 578 vincibilem,
1195 529 1426 592 optumam?

180 597 252 623 PH.
312 584 485 624 Memini.
551 596 625 623 GE.
664 584 749 634 Em,
782 596 886 623 nunc
916 585 1040 635 ipsast
1072 595 1173 636 opus
1206 596 1252 624 ea
1279 589 1358 635 aut,
1389 585 1536 637 siquid

773 644 919 690 potest,
958 656 963 662 ·

178 695 348 734 Meliore
377 700 417 735 et
447 693 664 743 callidiore.
723 707 795 734 PH.
836 695 921 733 Fiet
950 695 1103 734 sedulo.
1487 697 1537 734 50

180 762 255 791 GE.
316 750 431 790 Nunc
463 752 575 802 prior
608 751 714 789 adito
748 756 809 797 tu3
842 763 919 803 ego
952 751 989 788 in
1022 750 1211 789 subsidiis
1242 750 1307 789 hic
1338 762 1408 788 ero

179 805 515 845 Succenturiatus.
548 806 582 844 si
613 805 706 857 quid
741 805 914 845 deficias.
980 817 1051 844 PH.
1093 807 1192 859 Age.

306 969 509 1011 ACTCs
538 970 600 1012 H.
674 969 916 1010 scitam
950 970 1033 1010 HJ.
1096 969 1209 1025 [AL.
1240 968 1321 1011 SC.
1352 946 1427 1026 1.]*

463 1057 700 1097 omnmo.
769 1057 915 1097 GETA.
961 1037 1248 1096 'PuAeonr-x.

179 1147 255 1174 DE.
312 1136 423 1183 itane
453 1135 610 1175 tandem
643 1148 807 1174 uxorem
842 1135 950 1174 duxit
981 1134 1154 1186 Antipho
1191 1136 1345 1175 iniussu
1379 1134 1503 1174 meo?

175 1190 421 1231 Neomeum
451 1191 661 1243 inperium,
695 1204 739 1230 ac
771 1192 883 1230 mitto
917 1191 1127 1243 inperium,
1158 1202 1238 1229 non
1269 1191 1511 1230 simultatem

316 1272 320 1275 ι
774 1259 898 1285 meam

174 1302 368 1341 Revereri
399 1302 565 1342 saltem?
613 1314 691 1341 non
722 1301 904 1354 pudere?
946 1313 968 1340 o
1001 1300 1154 1341 facinus
1188 1303 1336 1341 audax.
1380 1315 1402 1341 0
1437 1301 1535 1341 Geta

175 1357 361 1397 Monitor.
426 1370 499 1397 GE..
539 1357 614 1396 Vix
654 1358 825 1397 tandem.
887 1369 961 1395 DE.
1003 1357 1106 1404 Quid
1140 1357 1234 1396 mihi
1267 1356 1430 1396 dicent?
1471 1362 1538 1397 aut

775 1425 889 1464 quain
922 1425 1105 1452 caussam
1137 1413 1373 1464 reperient?

175 1468 371 1509 Demiror.
433 1481 506 1508 GE.
554 1470 673 1520 Atqui
711 1469 871 1520 repperi
910 1469 1006 1515 ianr:
1050 1469 1152 1507 alind
1186 1480 1291 1507 cura.
1352 1480 1426 1507 DE.
1477 1471 1538 1506 An

772 1524 847 1562 boc
880 1523 983 1562 dicet
1013 1524 1127 1562 mihi:
1515 1525 1536 1561 5

177 1580 322 1618 Invitus
355 1579 453 1629 feci;
486 1580 550 1618 lex
581 1579 744 1632 coegit?
783 1579 927 1628 Audio,
960 1579 1105 1618 fateor.
1173 1591 1246 1617 GE.
1285 1579 1436 1618 Places.

176 1647 250 1675 DE.
313 1636 458 1674 Verum
476 1636 683 1684 scientem,
709 1636 868 1675 tacitum
896 1647 1075 1674 caussam
1096 1636 1255 1674 tradere
1273 1634 1534 1679 advorsariis,

174 1691 353 1730 Etiamne
382 1691 421 1730 id
459 1690 524 1730 lex
555 1690 719 1744 coegit?
781 1702 854 1730 GE.
893 1690 991 1729 Illud
1018 1690 1170 1730 durum.
1228 1702 1301 1730 ΡΗ.
1332 1689 1418 1742 Ego
1460 1701 1536 1728 ex-

777 1746 951 1797 pediam,
984 1747 1082 1785 sine.

175 1814 251 1841 DE.
310 1802 566 1851 Incertumst,
613 1801 706 1852 quid
748 1814 885 1854 agam.
929 1803 1019 1852 quia
1064 1806 1223 1853 praeter
1261 1813 1374 1852 spem
1414 1805 1535 1852 atque

777 1857 1013 1897 incredibile
1044 1857 1119 1895 hoc
1150 1857 1200 1894 mi
1233 1857 1393 1909 obtigit3

176 1913 226 1951 lta
265 1926 349 1952 sum
391 1914 594 1960 inritatus,
647 1913 816 1952 animum
870 1918 911 1951 ut
956 1925 1150 1964 nequeam
1196 1912 1242 1951 ad
1279 1911 1535 1965 cogitandum

780 1970 1000 2007 instituere.
1491 1966 1535 2005 ΙΟ

171 2023 439 2070 Quamobrem
472 2025 612 2074 omnis,
645 2037 733 2064 cum
765 2024 966 2063 secundae
998 2035 1062 2061 res
1095 2028 1186 2062 sunt
1219 2034 1421 2072 maxume,
1454 2027 1534 2061 tum

776 2092 954 2119 maxume

172 2134 351 2174 Meditari
385 2147 521 2174 secum
553 2139 731 2187 oportet,
779 2148 856 2187 quo
898 2141 1012 2185 nacto
1053 2135 1258 2174 advorsam
1304 2144 1532 2172 aerumnam

769 2190 918 2230 ferant:

174 2244 338 2289 Periela,
371 2245 523 2295 (1ιιιιιιιι,ι
558 2247 674 2285 exil1a
707 2259 880 2300 peregre
910 2233 1071 2285 rediens
1105 2257 1264 2296 semper
1298 2244 1462 2296 cogitet,

174 2301 253 2339 Aut
292 2285 343 2340 lili
384 2307 589 2352 peccatum
630 2306 693 2340 aut
733 2304 870 2341 uxoris
903 2306 1063 2339 mortem
1103 2306 1166 2339 aut
1197 2299 1375 2338 morbum
1406 2298 1531 2344 filiae3

176 2355 406 2395 Communia
435 2370 526 2396 esse
554 2358 670 2404 haee:
702 2370 751 2396 ne
779 2357 871 2409 quid
901 2358 1038 2396 horum
1065 2368 1275 2408 umquam«
1265 2354 1418 2393 accidat
1441 2354 1531 2393 ani-

777 2425 839 2451 mo
877 2424 1041 2458 novom;
1483 2410 1530 2447 15

173 2466 373 2519 Quidquid
418 2474 579 2519 praeter
614 2481 728 2520 spem
760 2469 926 2514 eviniat,
970 2479 1086 2507 omne
1128 2467 1165 2505 id
1208 2466 1401 2518 deputare
1440 2475 1530 2503 esse

772 2526 809 2563 in
842 2525 967 2563 lucro.
