1605 2814
1070 0 1080 14 ι
1149 8 1161 21 ⁴
1337 0 1388 31 a}
1479 0 1497 41 ς

238 142 290 189 46
568 142 731 174 NOTAE
756 143 805 174 IN
823 116 1159 204 ,pflossffiiigmn
1450 126 1453 128 ’
1512 0 1605 208 μή

181 276 279 297 casus
315 266 503 310 significare
535 267 637 312 dicit,
675 268 740 300 alii
779 268 905 300 bonam
947 269 1135 302 Fortunam
1169 279 1240 301 esse
1270 269 1546 312 interpretantur.

179 314 258 344 Duo
283 313 383 344 huius
408 313 490 344 deae
515 314 755 355 templaxt‘rans
781 315 1050 355 Tiberimxeranu
1081 316 1224 347 alterum
1248 327 1269 347 a
1296 316 1411 348 Servio
1435 317 1546 349 Tullio

181 360 384 397 dedicatum,
411 360 551 391 alterum
578 371 598 391 a
624 360 678 401 Sp.
709 360 856 392 Carvilio
882 363 1021 393 consule
1048 363 1093 403 (a.
1120 373 1154 393 u.
1177 366 1358 394 4612-293
1378 374 1409 394 a.
1433 364 1544 404 clm).
1591 375 1605 393 γε

274 429 325 467 V,
359 432 395 467 5,
433 432 484 461 19.
511 436 671 471 aryetztum
698 430 754 461 tibi
777 429 918 462 dedimus
943 438 1022 472 aput
1034 431 1164 473 forum]
1190 431 1230 462 In
1255 431 1330 463 foro
1356 442 1487 464 mensas
1513 440 1545 464 et

179 477 336 509 tabernas
362 485 440 507 suas
465 476 649 515 argentarii
672 476 861 517 habebant3
888 478 955 511 vid.
977 479 1019 508 ad
1044 478 1088 513 V,
1113 480 1142 516 7,
1163 481 1218 511 29.

270 546 313 583 V,
337 546 367 582 7,
388 548 443 578 29.
468 544 638 587 Aryentum
663 557 785 576 rursum
811 546 877 577 iube
901 547 1044 588 rescribi]
1073 548 1266 588 Argentarii
1290 548 1359 580 sive
1386 549 1544 580 mensarii

179 591 231 632 (οἱ
273 590 503 633 τραπεζίται)
549 593 639 632 apud
679 598 806 623 veteres
846 603 913 623 non
955 595 1056 625 modo
1091 594 1214 625 diversi
1253 595 1386 634 generis
1425 605 1545 642 numos

178 639 415 679 permutabant
433 638 512 679 (pro
531 648 598 679 qua
615 639 862 679 permutatione
873 640 1036 680 collybus,
1059 637 1246 684 κόλλυβος,
1265 641 1305 671 iis
1320 641 1543 682 solvebatur),
1588 647 1591 649 ’

179 687 237 716 sed
265 686 386 721 etiam,
421 686 521 725 idque
546 685 745 726 praecipue,
772 686 839 716 suis
867 692 899 717 et
923 687 1067 721 aliorum
1092 688 1242 727 pecuniis
1267 687 1543 727 negotiabantur.

180 733 281 773 Apud
299 742 356 763 eos
373 732 473 769 enim,
500 731 527 762 si
554 732 610 771 qui
634 733 810 772 pecuniam
838 743 932 763 suam
959 734 1102 764 otiosam
1123 743 1193 764 esse
1219 734 1362 774 nollent,
1387 744 1462 765 eam
1481 736 1543 766 sub

177 780 288 810 usuris
315 779 543 819 deponebant,
579 787 717 818 eamque
742 779 806 819 ipsi
832 780 985 819 graviore
1011 779 1160 818 faenore,
1186 790 1284 821 quam
1309 791 1375 821 quo
1401 783 1543 813 mutuati

176 835 290 863 crant,
329 825 554 866 collocabant.
625 825 778 856 Tabulae
800 823 985 866 eorum‘(s.
1014 836 1148 857 mensae
1173 827 1341 867 rationes)
1369 821 1542 867 publicam

175 873 274 902 fidem
297 877 396 912 atque
419 871 651 902 auctoritatem
672 872 853 909 habebant,
884 878 921 903 ut
940 873 975 903 in
990 873 1149 904 iudicium
1165 873 1318 914 prolatae
1332 874 1373 904 ad
1390 874 1543 905 debitum

170 919 387 962 probandum
403 917 612 956 suffice1·ent;
636 924 814 959 propterea
831 919 865 949 in
883 920 1040 951 omnibus
1064 921 1162 950 rebus
1181 921 1342 958 emendis,
1359 921 1543 952 vendendis

176 965 478 1005 contrahendisque
513 965 656 1004 negotiis
682 965 908 996 tabellionum
945 975 1083 997 munere
1118 967 1346 1006 fungebantur
1378 968 1542 998 auctioni—

176 1013 306 1052 busque
331 1017 525 1052 praeerant3
561 1021 620 1052 per
652 1021 709 1042 eos
736 1012 959 1043 credebantur
982 1013 1146 1053 pecuniae
1171 1022 1352 1053 ¹eorumque
1378 1014 1542 1054 scriptura

175 1058 302 1089 fiebant
317 1058 505 1088 litterarum
521 1058 745 1097 obligationes
765 1058 845 1098 (cfr.
864 1059 909 1097 V,
927 1062 958 1097 5,
981 1062 1046 1098 19).
1073 1077 1116 1081 -
1142 1059 1212 1090 Iam
1230 1070 1309 1090 vero
1329 1060 1454 1101 duplex
1472 1067 1543 1091 erat

176 1105 328 1136 solvendi
346 1105 478 1143 modus,
503 1110 560 1135 aut
571 1103 609 1134 de
625 1103 716 1135 domo
735 1115 762 1137 s.
783 1116 907 1148 εοεᾳνεα
920 1111 1010 1136 auta
1024 1118 1129 1136 mensa
1147 1117 1173 1139 s.
1193 1117 1230 1137 ex
1240 1117 1361 1137 mensae
1371 1107 1540 1148 scriptura.

175 1150 240 1189 Qui
259 1162 279 1182 a
293 1161 410 1182 mensa
426 1151 588 1188 solvebat,
612 1156 670 1181 aut
683 1152 860 1192 pecuniam
875 1152 916 1182 ab
933 1153 1124 1192 argentario
1145 1152 1283 1184 faenore
1300 1153 1453 1184 sumebat
1472 1161 1542 1192 aut,

175 1199 202 1229 si
224 1198 404 1238 pecuniam
431 1198 519 1238 apud
545 1207 621 1228 eum
648 1198 835 1239 depositam
859 1199 1018 1237 habebat,
1044 1200 1122 1229 inde
1143 1205 1305 1239 quantum
1317 1209 1455 1231 necesse
1470 1206 1541 1231 erat

174 1245 330 1275 creditori
350 1244 432 1275 solvi
451 1244 601 1277 iubebat.
655 1246 877 1284 Argentarius
903 1252 1013 1276 autem
1039 1246 1075 1277 in
1100 1246 1232 1277 tabulas
1259 1256 1336 1277 suas
1362 1246 1539 1285 referebat,

174 1291 253 1330 quid
281 1302 299 1321 a
325 1301 391 1331 quo
418 1301 483 1331 quo
517 1296 667 1332 tempore
701 1301 766 1331 quo
800 1293 934 1323 nomine
969 1293 1165 1333 accepisset,
1205 1298 1237 1323 et
1270 1293 1349 1334 quid
1387 1294 1440 1324 cui
1474 1303 1540 1333 quo

173 1347 323 1378 tempore
344 1348 410 1377 quo
431 1338 567 1368 nomine
591 1338 747 1371 dedisset.
797 1339 917 1378 Itaque
932 1345 1091 1381 arqentum
1105 1339 1254 1377 rescribit,
1279 1340 1334 1380 qui
1361 1341 1540 1381 pecuniam
1576 1373 1578 1377 ,

172 1394 230 1425 per
248 1385 475 1424 argentarium
493 1385 610 1422 reddit,
638 1383 787 1422 discribit,
814 1386 869 1426 qui
895 1396 969 1417 eam
991 1387 1077 1417 inter
1100 1387 1212 1427 plures
1232 1387 1360 1424 dividit,
1387 1392 1425 1417 ut
1445 1397 1538 1418 suam

174 1432 313 1472 quisque
338 1437 467 1472 partem
492 1432 647 1472 accipiat.

266 1500 309 1537 V,
339 1503 368 1537 7,
397 1504 449 1531 90.
475 1511 539 1531 una
572 1500 705 1541 iniuria]
731 1501 752 1534 i.
781 1511 811 1534 e.
837 1502 924 1532 aetio
951 1502 1157 1539 iniuriarum,
1185 1500 1267 1544 δίκη
1292 1500 1422 1540 αἰκίας.

267 1570 312 1606 V,
331 1574 363 1610 8,
379 1572 433 1601 37.
452 1569 633 1611 Exsequias
653 1569 807 1602 Chremeti
817 1570 890 1611 cet.]
910 1570 1087 1609 Eiusmodi
1102 1571 1246 1602 formula
1264 1569 1354 1622 aPud
1368 1572 1541 1603 Romanos

173 1626 295 1657 praeco
313 1627 393 1648 usus
410 1626 484 1648 esse
508 1618 648 1654 videtur,
676 1628 778 1658 quum
794 1618 828 1648 in
845 1617 1028 1656 funeribus,
1055 1628 1139 1658 quae
1158 1617 1310 1649 indictiva
1330 1619 1540 1658 dicebantur,

133 1691 143 1700 ,
173 1664 326 1695 homines
356 1665 397 1694 ad
426 1665 604 1704 exsequias
632 1664 904 1696 cohonestandas
929 1672 1093 1696 evocaret.
