1605 2814
468 856 613 909 Notae
648 856 693 908 in
726 854 1042 909 Phormionem.

84 1181 127 1236 In
148 1205 212 1236 hac
235 1203 352 1236 fabula
377 1204 554 1235 Terentius
573 1202 739 1240 Graecam
767 1205 975 1235 comoediam
1003 1203 1195 1246 Apollodori
1218 1203 1367 1234 imitatus
1394 1209 1454 1234 est.

86 1251 143 1284 sed
173 1261 246 1282 eam
274 1257 402 1282 mutato
428 1251 562 1281 nomine
588 1250 805 1282 Phormionem
833 1251 1000 1292 inscripsit
1025 1263 1043 1282 a
1062 1251 1267 1282 Phormione
1292 1250 1454 1291 parasito,

86 1299 180 1330 cuius
217 1303 329 1339 partes
371 1298 498 1338 primae
535 1304 622 1328 sunts
651 1297 732 1338 (vid.
763 1297 898 1338 Prolog.
933 1309 964 1329 v.
1004 1302 1048 1329 ‘24
1092 1308 1166 1338 sqq.
1201 1303 1234 1327 et
1270 1297 1316 1327 ibi
1355 1298 1453 1333 not.).

91 1345 319 1387 Apollodorus
347 1345 421 1385 quis
448 1343 564 1381 fuerit,
591 1354 660 1375 non
687 1350 834 1381 constat,
864 1355 966 1385 quum
992 1346 1104 1386 plures
1132 1345 1284 1375 eiusdem
1312 1343 1456 1373 nominis

88 1392 208 1424 comici
236 1398 356 1432 poetae
382 1391 521 1428 fuerint,
549 1391 633 1422 alius
663 1392 896 1429 Atheniensis,
923 1392 1007 1423 alius
1037 1392 1210 1432 Carystius
1238 1401 1280 1421 ex
1304 1390 1455 1421 Euboea.

87 1439 171 1470 alius
193 1436 339 1476 Gelous,
372 1438 552 1468 Menandri
579 1439 661 1477 (vid.
685 1439 727 1468 ad
754 1439 859 1469 Andr.
886 1439 1022 1479 Prolog.
1051 1438 1085 1480 9)
1115 1438 1276 1479 aequalis.
1321 1455 1360 1458 —
1404 1436 1458 1467 Ex

88 1485 275 1517 didascalia.
301 1485 483 1523 discimus,
519 1485 606 1515 hano
631 1485 779 1515 Terentii
811 1484 960 1516 fabulam
996 1491 1106 1516 actam
1143 1495 1216 1515 esse
1244 1484 1290 1514 M.
1318 1483 1458 1514 Valerio

88 1532 268 1569 Messalla,
311 1530 350 1562 C.
390 1531 522 1563 Fannio
557 1531 724 1563 Strabone
758 1530 870 1563 Coss..
917 1543 947 1564 a.
991 1543 1023 1562 u.
1064 1534 1242 1563 5932161
1290 1541 1322 1564 a.
1368 1529 1457 1561 Chr..

88 1580 126 1611 L.
143 1578 323 1610 Postumio
348 1579 474 1610 Albino
501 1577 659 1617 (fortasse
685 1588 735 1615 eo,
768 1579 822 1618 qui
852 1589 882 1609 a.
907 1589 938 1610 u.
964 1582 1146 1610 6001154
1173 1589 1201 1608 a.
1228 1576 1307 1608 Chr.
1336 1577 1457 1608 consul

87 1632 240 1658 mortuus
274 1625 358 1664 est),
390 1625 429 1656 L.
466 1623 625 1656 Cornelio
659 1625 792 1655 Merula
829 1624 887 1664 (de
913 1636 979 1666 quo
1016 1626 1099 1656 nihil
1126 1625 1252 1661 inveni)
1287 1624 1456 1654 aedilibus

88 1673 276 1711 curulibus,
321 1671 404 1703 ludis
443 1671 613 1709 Romanis,
659 1682 743 1713 quos
779 1681 839 1712 per
885 1681 1004 1703 novem
1045 1673 1114 1703 dies
1149 1682 1168 1702 a
1203 1671 1309 1712 pridie
1341 1669 1458 1701 Nonas

88 1719 305 1761 Septembres
331 1720 373 1749 ad
395 1719 501 1760 pridie
523 1719 603 1749 Idus
628 1718 719 1759 Sept.
749 1718 936 1749 celebratos
958 1718 1062 1750 fuisse
1086 1718 1294 1750 Kalendaria
1318 1717 1459 1756 antiqua

89 1767 222 1798 docent.
259 1766 302 1796 Hi
323 1766 405 1804 ludi,
433 1766 488 1806 qui
516 1765 616 1796 iidem
634 1766 745 1805 magni
762 1775 788 1796 s.
805 1766 941 1796 maximi
954 1766 1113 1807 appellati
1130 1770 1217 1801 sunt,
1236 1775 1255 1794 a
1268 1764 1456 1803 Tarquinio

88 1813 207 1844 Prisco
238 1813 380 1854 pi'mum
419 1811 499 1843 facti
527 1822 600 1843 esse
627 1813 792 1848 dicuntur,
820 1812 940 1842 deinde
966 1813 1067 1843 annui
1095 1812 1277 1849 mansisse3
1314 1811 1456 1850 primum

88 1859 166 1901 Equi
191 1860 387 1900 pugilesque
411 1859 447 1890 in
476 1858 572 1890 Circo
599 1859 754 1897 Maximo
778 1860 1032 1898 spectabantur,
1075 1865 1193 1900 postea
1227 1857 1353 1889 scenici
1388 1857 1456 1886 ludi

88 1907 233 1937 instituti
269 1912 347 1937 sunt
380 1916 410 1936 a.
437 1915 470 1938 u.
505 1908 687 1937 390:364
714 1915 743 1936 a.
774 1904 870 1943 Ch1·.;
902 1916 991 1936 anno
1019 1911 1130 1936 autem
1158 1906 1248 1936 urbis
1276 1904 1458 1935 5141240

91 1963 119 1984 a.
143 1952 222 1987 Chr.
240 1953 279 1984 L.
300 1952 414 1984 Livius
431 1953 648 1984 Andronicus
669 1953 796 1993 primus
814 1953 964 1983 fabulam
989 1952 1114 1983 docuit.
1169 1952 1304 1982 Aediles
1326 1950 1460 1981 curules

90 2000 151 2031 hos
177 2000 276 2031 ludos
297 1999 380 2036 Iovi,
406 1999 529 2030 Iunoni
547 1999 788 2039 Minervaeque
802 1999 980 2037 faciebant,
1008 2000 1134 2030 dierum
1161 2007 1275 2029 autem
1301 2007 1458 2028 numerus

89 2046 177 2077 alius
204 2047 272 2077 alio
298 2052 449 2088 tempore
475 2045 579 2077 fuisse
603 2046 746 2076 videtur.

186 2307 324 2348 Prolog.
350 2318 378 2338 ν,
408 2311 436 2338 1.
459 2313 555 2348 poeta
580 2303 676 2350 vetus]
704 2307 782 2340 Vid.
811 2307 853 2337 ad
880 2308 985 2339 Andr.
1011 2307 1147 2347 Prolog.
1177 2309 1209 2338 7.
1257 2305 1366 2337 Paulo
1385 2312 1462 2345 post

92 2364 138 2386 vs.
174 2357 192 2385 6
225 2364 297 2395 sqq.
332 2354 470 2386 indicari
503 2354 648 2391 videtur,
689 2354 848 2385 Luscium
881 2355 1057 2385 Lavinium
1091 2353 1241 2385 fabulam
1277 2352 1460 2393 scripsisse,

92 2401 127 2431 in
145 2410 212 2441 qua
235 2410 378 2438 cervam,
401 2410 500 2441 quam
520 2409 619 2431 canes
641 2406 930 2441 persequerentur,
953 2401 1176 2432 adolescentis
1198 2399 1340 2430 alicuius
1361 2408 1460 2439 opem

94 2447 274 2488 implorare
299 2446 435 2485 feeerit,
472 2452 571 2487 atque
597 2447 644 2477 ita
668 2447 840 2487 prodigia,
875 2456 960 2486 quae
994 2448 1036 2477 ad
1068 2446 1260 2486 tragoedias
1293 2445 1459 2486 pertinere

91 2494 308 2535 putabantur,
318 2494 351 2524 in
361 2494 569 2524 comoediam
580 2494 753 2534 recepisse.
788 2492 968 2531 Quodnam
977 2494 1066 2524 illius
1077 2492 1211 2524 fabulae
1223 2496 1458 2531 argumentum

42 2551 44 2553 ’
97 2540 206 2578 fuerit,
222 2541 425 2580 ignoramus.
