1605 2814
252 129 303 170 34
758 130 984 161 Pflonmo.

190 265 263 294 PH.
322 252 381 292 De
402 254 540 293 eadem
571 253 644 292 hac
672 252 842 292 fortasse
866 265 1020 292 caussa.
1082 264 1160 291 DE.
1195 252 1251 291 lta
1272 251 1419 291 hercle.
1480 263 1557 290 PH.

792 307 967 347 Credidi.

190 364 291 411 Quid
329 364 375 403 ad
409 375 470 402 me
502 363 651 402 ibatis?
683 363 912 409 ridiculum:
944 363 1203 412 verebamini,

188 420 246 458 Ne
278 431 357 459 non
391 419 429 458 id
464 418 652 462 facerem,
687 419 793 469 quod
826 419 1070 470 recepissem
1089 418 1249 457 semel?

193 475 312 524 Heus,
347 478 492 526 quanta
526 478 671 525 quanta
708 474 805 512 haec
837 485 923 512 mea
955 478 1166 525 paupertas
1198 478 1273 522 est,
1308 477 1441 512 tamen
1510 472 1556 510 10

190 531 331 569 Adhuc
363 531 497 569 curavi
529 542 649 568 unum
681 529 758 568 hoc
791 529 964 580 quidem,
996 534 1036 568 ut
1068 529 1117 568 mi
1151 532 1253 568 esset
1283 527 1393 566 fides.

189 598 261 625 cu.
321 585 447 629 Estne
478 586 543 632 ita,
575 586 630 623 uti
664 584 759 634 dixi,
790 585 996 624 liberalis?
1059 596 1135 623 DE.
1169 582 1341 634 Oppido.

193 653 262 681 PH.
324 641 446 691 ldque
478 640 579 679 adeo
611 641 732 678 venio
769 642 1002 687 nuntiatum,
1038 639 1248 690 Demipho,

190 696 368 734 Paratum
403 707 464 733 me
496 707 606 742 csse:
640 695 705 733 ubi
737 695 871 744 voltis,
904 707 1073 735 uxorem
1106 695 1209 734 date.
1374 734 1377 736 .

188 751 284 790 Nam
318 751 445 789 omnis
479 752 692 802 posthabui
726 750 818 789 mihi
850 763 931 798 res,
964 751 1013 789 ita
1045 751 1101 789 uti
1134 762 1206 801 par
1236 749 1321 798 fuit,
1508 749 1553 786 15

187 807 395 858 Postquam
428 810 634 858 tantopere
665 807 702 845 id
734 818 806 846 vos
837 807 939 845 veile
971 806 1343 845 animadverteram.

190 874 264 901 DE.
324 861 375 899 At
406 862 467 900 hic
499 862 733 901 dehortatus
767 866 827 900 est
857 873 932 911 ine,
966 874 1015 900 ne
1046 862 1151 900 illam
1185 860 1253 898 tibi
1287 860 1442 903 darem3

187 918 282 956 Nam
319 921 382 967 qui
415 917 489 955 erit
520 930 656 957 rumor
687 917 837 968 populi,
870 918 1011 968 inquit,
1044 918 1078 956 si
1110 917 1147 955 id
1179 915 1355 954 feceris?

188 972 289 1011 Olim
322 985 408 1011 cum
443 973 610 1012 honeste
640 974 783 1024 potuit,
817 977 897 1011 tum
929 983 1007 1011 non
1041 976 1099 1011 est
1134 971 1240 1012 data:
1592 1017 1596 1021 ¹

184 1028 298 1067 Nunc
331 1028 486 1066 viduam
520 1029 675 1067 extrudi
707 1032 873 1079 turpest3
906 1027 1031 1066 ferme
1066 1027 1204 1066 eadem
1237 1026 1382 1076 onmia,
1500 1025 1552 1064 20

187 1084 298 1129 Quae
331 1087 409 1122 tute
443 1083 587 1122 dudum
625 1096 758 1122 eoram
792 1096 853 1121 me
879 1085 1171 1122 incussaveras.

191 1152 259 1178 PH.
322 1138 423 1177 Satis
451 1139 625 1190 superbe
654 1140 829 1178 inluditis
861 1152 932 1177 me.
1002 1151 1079 1177 DE.
1113 1138 1219 1184 Qui?
1280 1149 1354 1175 PH.
1388 1136 1552 1189 Rogas?

189 1194 287 1240 Quia
320 1206 369 1232 ne
401 1194 564 1233 alteram
597 1195 757 1245 quidem
789 1195 895 1233 illam
928 1199 1074 1246 potero
1112 1194 1277 1237 ducere;

185 1250 280 1288 Nam
312 1262 391 1299 quo
423 1250 564 1289 redibo
598 1262 669 1288 ore
704 1251 751 1289 ad
784 1263 886 1295 eam,
919 1262 1033 1301 quam
1067 1248 1410 1300 contempserim?

189 1318 259 1344 cn.
319 1305 416 1344 Tum
451 1310 577 1345 autem
611 1305 881 1356 Antiphonem
913 1305 1030 1344 video
1063 1305 1110 1344 ab
1142 1316 1234 1343 sese
1266 1304 1449 1343 amittere
1500 1303 1550 1342 ‘25

188 1361 355 1400 invitum
393 1373 492 1411 eam,
526 1363 658 1412 inque.
717 1373 793 1399 DE.
828 1361 925 1400 Tum
959 1365 1086 1400 autem
1119 1360 1236 1398 video
1274 1358 1391 1399 filium

190 1417 354 1455 invitum
386 1429 483 1455 sane
516 1417 719 1455 mulierem
752 1417 798 1455 ab
833 1430 877 1456 se
910 1418 1102 1455 amittere.

187 1473 256 1512 Set
288 1473 411 1511 transi
441 1472 561 1511 sodes
599 1472 643 1510 ad
680 1472 809 1523 forum
842 1477 960 1524 atque
997 1472 1093 1510 illud
1123 1470 1217 1509 mihi

187 1530 406 1580 Argentum
441 1540 594 1566 rursum
628 1528 719 1566 iube
750 1528 933 1573 rescribi,
965 1527 1164 1566 Phormio.

190 1596 257 1622 PH.
320 1583 489 1629 Quodne
523 1595 600 1635 ego
629 1584 818 1635 discripsi
849 1595 970 1634 porro
1004 1583 1094 1629 illis,
1128 1582 1268 1633 quibus
1302 1581 1451 1620 debui?
1503 1581 1554 1619 30

188 1651 263 1678 DE.
325 1638 427 1685 Quid
460 1639 582 1691 igitur
613 1639 711 1677 fiet‘?
771 1651 845 1678 PH.
879 1638 918 1678 Si
951 1639 1008 1677 vis
1040 1649 1207 1677 uxorem
1241 1637 1350 1684 dare,

186 1696 309 1742 Quam
342 1694 607 1745 despondisti,
636 1694 795 1741 ducam3
826 1695 886 1733 sin
919 1700 994 1741 est,
1026 1697 1067 1732 ut
1098 1693 1196 1731 velis

185 1751 349 1789 Manere
382 1750 486 1789 illam
519 1755 613 1799 aput
645 1754 697 1799 te,
731 1750 802 1788 dos
836 1750 898 1789 hic
932 1753 1100 1799 maneat,
1133 1747 1343 1799 Demipho.

184 1806 280 1844 Nam
313 1817 392 1844 non
424 1811 485 1844 est
517 1817 685 1856 aequom
718 1817 779 1844 me
810 1810 976 1857 propter
1005 1816 1078 1843 vos
1111 1804 1258 1854 decipi,

186 1861 284 1900 Cum
318 1872 394 1913 ego
428 1862 550 1900 vostri
584 1861 751 1900 honoris
784 1873 924 1900 caussa
957 1860 1162 1911 repudium
1190 1860 1336 1898 alterae
1503 1857 1552 1897 35

185 1916 434 1962 Remiserim,
469 1929 570 1967 quae
606 1917 720 1967 dotis,
744 1917 972 1955 tantundem
1006 1916 1134 1955 dabat.

188 1985 260 2011 DE*
324 1972 336 2010 l
369 1974 407 2011 in
439 1973 577 2011 malam
611 1984 694 2010 rem
725 1973 818 2011 hinc
849 1984 935 2010 cum
968 1972 1065 2010 istac
1096 1969 1401 2023 magnificentia,

186 2028 380 2080 Fugitive.
440 2028 562 2066 Etiam
596 2040 700 2066 nunc
733 2028 864 2066 credis
897 2033 934 2066 te
967 2028 1196 2079 ignorarier

185 2085 266 2123 Aut
288 2088 354 2122 tua
380 2081 483 2122 facta
501 2083 633 2122 adeo?
693 2095 767 2122 PH.
797 2083 955 2123 Inritor.
1016 2094 1090 2121 DE.
1116 2081 1226 2120 Tune
1250 2082 1350 2120 hanc
1369 2082 1552 2128 duceres,

186 2139 224 2179 Si
259 2139 327 2178 tibi
360 2139 552 2177 daretur?
610 2151 681 2177 PH.
714 2139 790 2177 Fac
822 2138 1029 2189 periclum.
1089 2149 1163 2176 DE.
1197 2136 1244 2175 Ut
1276 2136 1377 2175 filius
1502 2135 1554 2175 4'0

186 2194 282 2232 Cum
317 2194 381 2233 illa
416 2194 564 2233 habitet
596 2199 690 2245 aput
722 2199 772 2244 te,
805 2195 884 2233 hoc
919 2198 1098 2231 vostrum
1132 2193 1344 2232 consilium
1380 2192 1462 2231 fuit.

189 2262 260 2288 ΡΗ.
325 2250 500 2298 Quaeso,
521 2250 613 2300 quid
633 2249 801 2288 narras?
862 2262 939 2287 DE.
967 2249 1068 2296 Quin
1086 2252 1124 2287 tu
1145 2249 1194 2286 mi
1214 2254 1419 2300 argeutum
1439 2247 1551 2286 cedo.

187 2318 257 2345 PH.
316 2305 434 2343 humo
466 2317 563 2343 vero
597 2318 762 2345 uxorem
796 2310 834 2343 tu
868 2305 980 2343 cedo.
1042 2316 1118 2342 DE.
1155 2304 1195 2342 In
1229 2305 1289 2342 ius
1320 2304 1482 2342 ambula.

187 2374 255 2400 PH.
316 2361 533 2399 Enimvero
562 2362 594 2399 si
624 2372 745 2412 porro
779 2373 868 2400 esse
902 2360 1034 2399 odiosi
1064 2360 1232 2411 pergitis
1265 2381 1312 2386 —

189 2429 260 2455 DE.
322 2416 422 2462 Quid
454 2415 605 2455 facies?
649 2429 722 2455 PH.
751 2416 924 2469 Egone?
947 2427 1017 2455 vos
1038 2428 1099 2453 me
1122 2415 1306 2454 indotatis
1324 2414 1442 2454 modo
1502 2414 1552 2452 45

185 2472 429 2512 Patrocinari
463 2472 635 2510 sortasse
668 2473 933 2516 arbitramini;

185 2528 306 2567 Etiam
339 2528 485 2567 dotatis
517 2527 645 2568 soleo.
683 2540 779 2576 ⁴cn.
814 2527 915 2575 Quid
948 2526 985 2564 id
1020 2527 1185 2565 nostra?
1237 2538 1306 2564 ΡΗ.
1339 2524 1457 2565 Nihil.
1491 2522 1493 2527 ’
