1605 2814
560 128 638 159 Act.
667 126 726 157 IV.
777 127 830 157 Sc.
858 126 902 157 11.
1307 127 1358 167 23

56 249 188 289 Petam
220 249 324 296 hinc,
357 250 462 290 unde
494 262 514 288 a
538 251 664 302 primo
697 249 867 299 institui3
900 251 932 289 is
964 251 996 289 si
1030 251 1109 299 dat,
1139 255 1197 290 sat
1230 255 1306 300 est;

56 305 96 345 Si
128 305 174 344 ab
206 317 255 343 eo
288 305 340 345 nil
374 305 453 353 fiet,
483 310 563 343 tum
596 305 698 344 huuc
729 305 887 344 adoriar
919 306 1129 358 hospitem.
1370 306 1414 345 15

362 415 401 454 Α
415 413 567 455 CTUS
598 412 676 454 ,[Ιῖ
750 412 990 453 Sffllaxm
1022 415 1107 454 III.

202 500 441 541 ANTIPHO.
506 501 656 541 GETA.
720 500 965 541 CHREMES.
1025 501 1268 542 DEMIPHO.

60 591 131 618 AN.
191 578 388 630 Expecto,
422 591 535 631 quam
566 591 656 617 mox
687 581 855 631 recipiat
887 592 978 619 sese
1010 580 1128 626 Gc1a;

57 634 125 675 Set
158 639 338 686 patruum
372 636 487 675 video
520 647 606 674 cum
642 639 751 686 patre
784 636 1020 675 adstantem.
1077 636 1119 675 Ei
1151 636 1259 682 mihi,

56 690 180 737 Quam
214 690 350 740 timeo,
383 690 574 730 adventus
611 691 728 730 huius
762 703 839 742 quo
872 692 1034 743 inpellat
1066 697 1230 743 patrem.

55 757 130 784 GE.
190 745 335 784 Adibo.
396 745 427 784 O
460 747 569 785 salve
602 752 741 785 nostor
775 746 959 786 Chreme.
1020 759 1093 787 CH.
1140 747 1271 796 Salve,
1304 746 1416 786 Geta.

57 813 133 840 GE.
195 800 340 839 Venire
363 802 511 841 salvom
530 801 728 854 volupest.
791 814 861 842 cu.
896 802 1042 842 Credo.
1097 815 1172 841 GE.
1205 802 1307 849 Quid
1329 803 1419 856 agi-

658 857 749 896 tur‘?
1394 859 1416 896 5

57 923 126 950 cn.
184 910 316 950 Multa.
352 913 575 953 advenienti
611 919 652 953 ut
687 913 747 961 fit:
781 925 881 952 nova
915 914 977 952 hic
1010 913 1230 965 conpluria.

58 978 132 1005 GE.
194 966 261 1006 lta.
320 967 379 1007 De
433 969 662 1022 Antiphone
719 969 900 1008 audistin*
958 980 1059 1021 quae
1118 968 1249 1008 sacta?
1344 980 1416 1008 cn.

656 1023 808 1063 Omnia.

58 1091 133 1118 GE.
190 1078 287 1118 'l‘un'
322 1079 478 1118 dixeras
513 1081 635 1120 huic?
669 1080 822 1119 facinus
857 1079 1076 1132 indignum,
1114 1079 1299 1129 Chreme,

58 1134 124 1174 Sic
155 1134 370 1174 circumiri.
432 1148 508 1176 DE.
570 1137 610 1176 ld
643 1148 729 1175 cum
763 1136 838 1175 hoc
870 1136 1034 1187 agebam
1072 1135 1334 1175 commodum.

58 1201 134 1229 GE.
193 1189 287 1228 Nam
321 1189 454 1230 hercle
487 1205 563 1245 ogo
597 1203 758 1244 quoque
800 1190 836 1230 id
881 1190 1039 1243 quidem
1079 1191 1235 1245 agitans
1266 1201 1418 1229 mecum

655 1246 797 1299 sedulo
1374 1244 1421 1285 10

56 1301 209 1350 Inveni,
244 1301 404 1352 opinor,
440 1301 658 1341 remedium
695 1302 785 1342 huic
816 1303 887 1343 rei.
949 1314 1020 1340 CH.
1050 1300 1168 1351 Quid,
1204 1300 1332 1341 Geta?

61 1369 138 1397 DE.
199 1356 313 1405 Quod
343 1356 591 1397 remedium?
651 1370 725 1396 GE.
770 1357 818 1396 Ut
853 1357 930 1396 abii
959 1357 1026 1397 abs
1060 1362 1112 1404 te.
1145 1356 1184 1396 fit
1213 1356 1315 1395 forte
1345 1356 1420 1395 ob-

658 1415 760 1452 viam

60 1469 156 1509 Mihi
186 1469 387 1507 Phormio.
449 1480 519 1508 cn.
551 1469 626 1515 Qui
658 1468 874 1508 Phormio?
934 1481 1009 1507 GE.
1042 1468 1092 1518 Is,
1125 1469 1191 1519 qui
1224 1468 1337 1505 istam
1368 1488 1421 1494 —

660 1537 731 1563 cn.
766 1525 873 1564 Scio.

61 1593 136 1620 GEs
196 1581 373 1620 Visumst
404 1581 468 1628 mi,
501 1585 541 1618 ut
572 1580 660 1619 eius
693 1585 926 1631 temptarem
959 1581 1067 1631 prius
1101 1579 1350 1618 sententiam.

60 1636 215 1676 Prendo
249 1636 446 1675 hominem
477 1636 627 1683 solum3
665 1634 745 1676 Cur
776 1647 870 1684 non,
902 1635 1076 1685 inquam,
1121 1634 1321 1685 Phormio,
1373 1635 1419 1673 15

59 1692 193 1732 Vides,
224 1693 328 1731 inter
359 1703 430 1730 vos
463 1692 520 1729 sic
551 1691 650 1730 haec
683 1692 815 1742 potius
851 1703 938 1729 cum
960 1691 1064 1730 bona

61 1747 107 1787 Ut
138 1751 416 1799 conponantur
445 1747 573 1800 gratia
606 1759 720 1798 quam
753 1759 838 1785 cum
872 1746 1001 1784 mala?

60 1804 162 1843 Erus
194 1802 370 1843 liberalis
402 1807 461 1842 est
492 1808 531 1841 et
562 1801 736 1855 fugitans
767 1802 911 1850 litium;

59 1858 156 1898 Nam
193 1859 316 1898 ceteri
349 1858 508 1909 quidem
543 1858 677 1896 hercle
709 1858 823 1897 amici
857 1869 996 1896 omnes
1029 1855 1148 1895 modo

59 1914 148 1953 Uno
182 1925 252 1952 ore
283 1918 466 1953 auctores
500 1913 627 1963 suere,
660 1917 700 1953 ut
731 1912 988 1964 praecipitem
1026 1912 1129 1950 hanc
1160 1911 1283 1950 daret.
1370 1907 1422 1946 20

60 1981 133 2009 AN.
193 1968 294 2016 Quid
320 1969 382 2008 hic
409 1973 568 2020 coeptat
594 1973 659 2007 aut
681 1981 758 2020 quo
780 1969 923 2006 evadet
951 1967 1098 2006 hodie?
1158 1978 1231 2005 GE.
1264 1965 1327 2003 An
1358 1963 1422 2002 le-

420 2040 423 2043 *
658 2024 774 2076 gibus

59 2080 251 2119 Daturum
281 2092 435 2132 poenas
467 2079 590 2127 dices,
622 2081 652 2119 si
685 2079 788 2118 illam
823 2078 1018 2118 eiecerit?

59 2136 139 2175 Iam
171 2135 208 2174 id
239 2135 550 2187 exploratumstg
583 2135 687 2183 heia,
719 2134 879 2173 sudabis
911 2135 1023 2179 satis,

60 2191 99 2233 Si
124 2203 210 2230 cum
230 2191 296 2230 illo
314 2191 491 2243 inceptas
514 2191 693 2236 homine3
725 2203 770 2229 ea
803 2189 1085 2241 eloquentiast.

59 2246 208 2286 Verum
240 2259 348 2298 pono
381 2258 474 2285 esse
506 2247 649 2285 victum
683 2258 794 2295 eum3
826 2250 863 2284 at
894 2244 1050 2284 tandem
1084 2248 1211 2282 tamen
1369 2241 1420 2280 25

59 2301 148 2342 Non
183 2301 322 2353 capitis
355 2302 439 2342 eius
471 2314 536 2341 res
568 2302 712 2356 agitur,
745 2305 804 2340 set
835 2301 1044 2352 pecuniae.

60 2357 273 2409 Postquam
302 2357 501 2396 hominem
533 2356 591 2396 his
625 2357 755 2395 verbis
788 2357 916 2396 sentio
946 2356 1157 2406 mollirier,

60 2412 142 2452 Soli
177 2422 312 2452 sumus
342 2425 457 2454 nunc.
490 2413 663 2463 inquam,
695 2412 781 2459 hic;
813 2412 903 2462 eho,
933 2411 1027 2462 quid
1060 2412 1120 2450 vis
1153 2410 1238 2449 dari

61 2468 148 2507 Tibi
179 2468 219 2507 in
250 2479 420 2518 manum,
446 2473 489 2507 ut
522 2480 612 2507 erus
647 2467 707 2506 his
739 2467 904 2507 desistat
934 2467 1084 2517 litibus,

60 2523 169 2562 Haec
198 2523 291 2563 hinc
322 2521 508 2569 facessat,
541 2528 582 2563 tu
618 2524 807 2563 molestus
839 2534 888 2561 ne
920 2521 1032 2560 sies?
1369 2517 1421 2556 30
