1605 2814
597 131 670 159 Act.
687 129 725 159 V.
756 129 808 160 Sv,
827 128 901 158 VII.
1326 130 1373 165 Rs)

67 255 138 304 Hip
172 252 365 305 quandam
399 264 549 301 noram,
582 254 695 291 cuius
727 253 788 291 vir
819 264 986 291 uxorem
1017 275 1058 279 -
1084 264 1154 290 cn.
1189 253 1298 291 Hem.
1357 264 1432 290 nn.

667 308 767 355 Quid
801 307 893 346 est?

68 377 138 403 Pu.
198 362 333 402 Lemni
362 363 495 402 habuit
521 363 636 402 aiiam
671 385 719 391 —-
752 375 825 402 (Ἤ.
857 363 995 402 Nullus
1017 376 1118 402 sum.
1174 375 1244 402 ΡΗ.
1277 363 1332 401 Ex
1359 375 1434 413 qua

666 418 785 458 {iliam

65 475 269 526 Suscepit;
302 479 337 512 et
370 485 454 512 eam
488 474 586 513 clam
619 473 780 513 educat.
841 486 912 513 cn.
946 474 1133 525 Sepultus
1166 486 1265 512 sum.
1383 476 1433 511 50

67 542 141 569 Pu.
205 529 310 569 Haec
342 529 442 568 adeo
476 541 554 581 ego
588 529 643 568 illi
676 531 751 568 iam
786 530 1021 569 denarralio.
1084 542 1154 568 cu.
1189 528 1385 577 Obsecro,

65 585 123 625 Ne
154 584 288 624 facias.
350 596 422 623 PH.
457 583 531 634 Oh,
566 589 659 624 tune
692 586 724 624 is
757 586 880 623 eras?
943 597 1016 623 nn.
1048 585 1095 623 Ut
1132 585 1247 624 ludos
1280 585 1384 624 facit.

66 652 136 680 cn.
198 639 357 680 Missum
377 645 414 678 te
433 640 609 680 facimus.
682 653 752 679 ΡΗ.
786 640 966 680 Fabulae.
1027 653 1097 679 cu.
1131 640 1232 686 Quid
1254 641 1311 679 vis
1336 641 1435 679 tibi?

66 697 284 749 Argentum
312 696 416 747 quod
445 696 584 745 habes,
616 697 889 736 condonamus
915 700 965 735 te.
1032 709 1104 734 Pu.
1124 695 1269 735 Audio.

65 750 167 798 Quid
200 762 286 800 vos,
318 752 608 803 nialum,·ergo
642 764 703 790 me
733 753 793 791 sic
826 751 1097 799 ludificamini,
1385 754 1434 789 525

65 806 210 858 inepti.
242 812 375 846 vostra
409 807 551 858 puerili
585 808 815 846 sententia?

65 861 183 911 Nolo,
217 862 326 907 volo;
359 863 467 908 νοΙο,
503 863 596 902 nolo
629 875 804 907 rursum;
835 875 948 914 cape,
980 862 1100 903 cedo:

64 918 178 966 Quod
222 917 390 967 dictum,
434 918 675 958 indictumst:
718 918 823 969 quod
863 918 980 957 modo
1023 922 1148 958 ratum
1182 923 1290 965 erat,
1336 919 1437 957 inri-

665 977 794 1012 tumst.

67 1041 138 1068 cn.
198 1027 285 1075 Quo
318 1033 436 1080 pacto
460 1033 526 1067 aut
555 1030 659 1069 unde
688 1030 787 1068 haec
815 1028 880 1068 hic
906 1030 1100 1069 rescivit?
1159 1041 1236 1069 DE.
1270 1029 1435 1073 Nescio,

65 1083 149 1123 Nisi
181 1096 242 1123 me
274 1083 425 1123 dixisse
458 1085 602 1123 nemini
636 1085 673 1123 id
707 1089 817 1123 certo
850 1085 947 1123 scio.
1384 1085 1436 1123 (50

52 1151 138 1210 ff.
200 1138 389 1189 Monstri,
423 1141 475 1179 ita
512 1153 573 1179 me
603 1140 650 1179 Di
683 1145 827 1179 ament.
860 1140 1001 1180 simile.
1058 1153 1131 1179 PH.
1166 1140 1287 1179 Inieci
1320 1153 1435 1179 scru-

667 1197 817 1247 pulum.
885 1208 959 1234 DE.
994 1196 1104 1236 Hem,

67 1250 229 1289 Hiccine
258 1255 301 1289 ut-
333 1262 352 1288 a
385 1250 500 1289 nohis
532 1255 679 1290 tantum
710 1252 786 1290 hoc
814 1252 966 1302 argenti
1001 1251 1170 1299 auferat,

17 1328 30 1333 ν
67 1305 160 1345 Tam
192 1311 333 1357 aperte
366 1306 577 1346 inridens?
609 1308 735 1346 emori
772 1307 908 1346 hercle
940 1308 1064 1347 satius
1098 1312 1169 1346 est.

68 1363 212 1401 Animo
245 1362 349 1400 virili
381 1364 666 1414 praesentique
697 1368 739 1402 ut
769 1364 840 1405 sis,
874 1375 991 1413 para;

67 1416 185 1457 vides
218 1422 324 1457 tuum
358 1422 563 1468 peccatum
596 1430 686 1457 esse
720 1419 862 1457 elatum
896 1418 1016 1467 foras,
1382 1418 1432 1457 60

66 1472 204 1524 Neque
235 1474 311 1511 iam
346 1473 382 1512 id
417 1473 549 1512 celare
582 1486 704 1525 posse
737 1479 774 1512 te
806 1486 972 1513 uxorem
1007 1478 1128 1519 {nanu

65 1527 178 1567 Nunc
206 1529 310 1581 quod
342 1529 426 1579 ipsa
460 1541 511 1568 ex
542 1530 629 1568 aliis
661 1529 843 1569 auditura
876 1530 937 1575 sit,
971 1529 1156 1579 Chreme,

67 1583 102 1622 ld
137 1588 293 1623 nosmet
329 1584 507 1623 indicare
541 1585 777 1636 piacabiiius
812 1589 889 1623 est.

65 1639 161 1678 Tum
194 1640 298 1678 hunc
328 1640 553 1690 inpuratum
588 1642 810 1691 poterimus
844 1644 981 1679 nostro
1014 1642 1134 1681 modo

66 1693 227 1733 Ulcisci.
288 1707 361 1734 PH.
395 1697 554 1742 Atattat,
588 1697 661 1734 nisi
692 1697 742 1734 mi
775 1698 995 1747 prospicio,
1027 1696 1197 1741 haer-em
1381 1697 1433 1735 To

66 1749 111 1788 Hi
143 1750 384 1802 gladiatorio
419 1752 549 1789 animo
571 1752 628 1791 ,ad
662 1765 723 1790 me
756 1751 959 1791 adfectant
990 1752 1106 1790 viam.

66 1817 137 1844 cu.
196 1806 437 1856 At-vereor,
470 1810 510 1845 ut
540 1807 689 1858 placari
726 1808 866 1858 possit.
929 1820 1004 1847 DE.
1055 1807 1167 1846 Bono
1201 1808 1331 1846 animo
1364 1821 1434 1853 es;

64 1861 150 1913 Ego
183 1861 364 1914 redigam
393 1874 465 1901 vos
495 1863 735 1915 ingratiam,
772 1863 848 1901 hoc
880 1862 1020 1909 fretus,
1051 1862 1234 1912 Chreme,

65 1915 162 1955 Cum
195 1929 217 1955 e
249 1918 386 1956 medio
421 1920 611 1968 excessit,
644 1918 748 1958 unde
781 1918 878 1957 haec
910 1923 1137 1970 susceptast
1168 1919 1249 1957 tibi.

65 1984 139 2010 PH.
205 1971 315 2011 Itane
347 1973 466 2025 agitis
498 1974 685 2013 mecum?
716 1975 813 2013 satis
846 1979 975 2013 astute
1009 1974 1283 2027 adgredimini.
1378 1972 1431 2012 75

62 2026 149 2066 Non
181 2027 317 2067 hercle
349 2040 399 2067 ex
433 2041 477 2067 re
509 2029 622 2068 istius
655 2042 716 2067 me
749 2030 962 2082 instigasti,
1004 2029 1215 2081 Demipho.

62 2083 153 2122 Ain’
184 2086 252 2122 tu‘?
282 2083 364 2134 ubi,
397 2097 499 2135 quae
531 2085 693 2124 lubitum
727 2084 859 2135 fuerit,
889 2097 1061 2137 peregre
1094 2086 1253 2136 seceris,

62 2137 201 2189 Neque
231 2138 347 2178 huius
379 2140 433 2179 sis
464 2140 615 2180 veritus
648 2140 818 2179 feminae
850 2141 1075 2191 primariae,

65 2193 167 2239 Quin
198 2205 305 2234 novo
338 2195 457 2233 modo
494 2197 545 2235 eii
579 2195 737 2235 faceres
770 2197 1066 2243 contumeliam,

61 2248 209 2289 Venias
227 2261 332 2289 nunc
358 2251 543 2301 precibus
569 2251 715 2290 lautum
738 2257 947 2302 peccatum
971 2252 1109 2291 tuum?
1379 2252 1431 2291 80

63 2304 183 2345 Hisce
216 2317 295 2358 ego
332 2306 436 2345 illam
469 2306 584 2346 dictis
620 2308 672 2345 ita
705 2307 775 2345 tibi
807 2309 1010 2346 incensam
1042 2308 1160 2355 dabo,

62 2359 109 2398 Ut
140 2373 190 2399 ne
222 2362 465 2415 restinguas,
497 2362 685 2401 lacrumis
716 2364 748 2402 si
782 2363 1040 2402 extillaveris.

63 2427 141 2454 DE.
201 2416 344 2456 Malum
377 2417 482 2467 quod
512 2418 575 2456 isti
608 2417 656 2457 Di
688 2417 879 2469 Deaeque
910 2430 1050 2457 omnes
1083 2419 1202 2458 duint.

62 2469 237 2510 Tantane
269 2471 466 2511 adfectum
499 2484 734 2524 quemquam
768 2485 859 2513 esse
892 2473 1089 2512 hominem
1122 2473 1316 2512 audacia?

47 2524 148 2565 Non
180 2527 256 2566 hoc
287 2527 502 2579 publicitus
534 2529 666 2568 scelus
699 2528 788 2567 hinc
817 2529 1074 2582 deportarier
1377 2528 1429 2567 85
