1605 2814
571 133 647 163 Act.
675 132 717 163 11.
769 132 823 164 sc.
851 132 910 162 111.
1323 133 1362 170 11

65 269 138 296 GE.
200 256 231 295 O
258 257 466 296 Phaedria.
501 256 788 300 incredibilem,
822 260 1006 306 (plantum
1045 267 1155 293 erinn
1188 259 1330 294 anteeo
1354 267 1422 294 sa-

656 312 813 362 pientia.

64 367 249 407 Meditata
279 368 370 407 mihi
399 372 483 408 sunt
512 369 641 407 omnia
667 379 751 405 mea
778 366 1044 414 inconmoda,
1073 378 1164 404 erus
1184 366 1216 403 si
1236 365 1418 404 redierit:

62 423 327 463 Molendumst
357 425 394 462 in
425 425 607 476 pistrino,
641 422 919 473 vapulandum.
954 421 1158 460 habendae
1186 421 1419 472 compedes,

61 478 170 531 Opus
201 480 282 519 ruri
315 479 561 526 faciundum3
602 479 741 518 horum
779 471 833 516 d'il
865 479 1074 529 quiequam
1106 476 1258 516 accidet
1289 478 1420 516 animo

658 546 818 573 novom.
1367 531 1421 569 20

61 589 258 642 Quidquid
290 595 447 642 praeter
479 604 588 643 spem
625 591 809 631 eveniet.
852 600 968 626 omne
1015 588 1051 626 id
1094 588 1295 639 deputabo
1328 599 1420 626 esse

418 655 421 665 ¹
655 647 690 684 in
727 646 850 683 lucro.

59 700 127 739 Set
158 702 252 751 quid
285 714 416 741 cessas
450 702 646 741 hominem
683 701 791 739 adire
822 705 860 739 et
883 699 1024 737 blande
1051 700 1087 737 in
1119 699 1316 751 principio
1345 698 1419 737 ad-

656 756 793 807 ioqui?

59 824 134 850 DE.
197 811 426 852 Phaedriam
461 814 533 851 mei
568 812 701 852 fratris
733 812 850 850 video
884 810 1002 849 tilium
1034 811 1086 848 mi
1118 811 1176 848 ire
1209 810 1377 849 obviam.

59 864 131 906 ΡΗΣ
193 866 243 906 Mi
279 873 437 920 patrue.
478 869 600 907 salve.
663 880 739 905 DE.
800 867 937 913 Salve;
979 871 1036 903 set
1072 867 1178 904 ubist
1209 864 1420 915 Antipho?

57 934 131 962 ΡΗ.
194 923 352 963 Salvom
376 925 514 963 venire
535 946 585 952 ——
613 935 688 962 DE.
743 922 895 971 Credog
916 922 1116 975 responde
1136 923 1212 960 hoc
1231 921 1336 959 mihi.
1369 919 1420 959 25

58 990 129 1018 PH.
186 979 321 1028 Valet3
354 980 415 1018 hic
450 985 528 1027 est:
561 984 619 1018 set
652 980 766 1018 satin*
801 979 929 1018 onmia
962 992 1008 1016 ex
1041 976 1272 1016 sententia?

56 1045 132 1072 DE.
191 1035 341 1074 Vellem
376 1036 546 1088 quidem.
608 1047 680 1073 PH.
736 1034 963 1087 Quidjstuc
989 1033 1079 1072 est?
1132 1044 1205 1070 DE.
1240 1031 1419 1083 Rogitas,

650 1082 874 1129 Phaedria?

54 1145 185 1185 Bonas
217 1158 279 1185 me
310 1146 474 1185 absente
505 1145 569 1184 hic
602 1147 831 1185 confecistis
864 1146 1030 1195 nuptias.

54 1213 127 1241 ΡΗ.
189 1200 298 1251 Eho,
342 1214 389 1241 an
422 1202 459 1241 id
491 1213 705 1241 suscenses
737 1213 841 1240 nunc
880 1200 982 1239 iltit‘?
1039 1211 1112 1238 Gn.
1164 1196 1195 1236 Ο
1226 1197 1419 1237 artificem

653 1257 834 1309 probunn

56 1324 131 1353 DE.
191 1313 321 1366 Egon'
352 1313 407 1352 illi
439 1319 519 1351 non
548 1313 839 1352 suscenseam?
883 1313 1009 1364 ipsum
1045 1311 1176 1363 gestio
1367 1309 1417 1348 30

50 1368 144 1408 Dari
176 1370 225 1407 mi
257 1370 295 1408 in
330 1373 604 1418 conspectum,
640 1380 745 1408 nunc
776 1380 846 1407 sua
876 1369 990 1419 culpa
1024 1372 1063 1406 ut
1089 1367 1187 1405 sciat

50 1424 199 1463 Lenem
234 1430 385 1476 patrem
417 1424 524 1463 illum
557 1424 702 1463 factum
737 1436 797 1462 me
829 1435 919 1462 esse
952 1434 1214 1462 acerrumum.

51 1491 125 1520 ΡΗ.
185 1480 307 1531 Atqui
340 1480 392 1518 nil
427 1480 534 1529 fecit,
567 1484 719 1531 patrue,
752 1479 857 1530 quod
889 1490 1139 1518 suscenseas.

52 1547 129 1575 DE.
188 1536 294 1575 Ecce
326 1541 456 1574 autem
487 1536 629 1574 simllia
661 1537 814 1584 omnia3
847 1546 982 1573 omnes
1016 1538 1264 1583 congruuntj.

51 1589 175 1630 Unum
207 1591 409 1644 cognoris,
445 1592 571 1630 omnis
604 1591 723 1630 noris.
784 1603 856 1630 PH.
892 1591 994 1630 Haut
1020 1590 1124 1628 itast.
1365 1587 1415 1626 35

53 1658 129 1686 DE.
189 1646 230 1685 In
261 1647 380 1687 noxia
413 1646 474 1685 hic
507 1650 582 1684 est.
614 1647 677 1685 ille
710 1646 757 1685 ad
790 1646 1079 1685 defendendum
1111 1645 1242 1690 adest3

53 1701 148 1741 Cum
183 1702 302 1751 illest,
335 1706 497 1754 praesto
529 1701 593 1741 hic
625 1707 708 1751 est3
742 1701 900 1741 tradunt
933 1713 1077 1753 operas
1111 1705 1278 1739 mutuas.

52 1769 127 1797 GE.
186 1757 315 1797 Probe
348 1758 487 1797 horum
520 1756 620 1796 facta
651 1757 868 1809 inprudens
899 1757 1078 1809 depinxit
1109 1767 1247 1794 senex.

52 1825 128 1853 DE.
187 1812 283 1852 Nam
308 1814 348 1853 ni
382 1813 480 1853 haec
504 1814 557 1853 ita
588 1818 736 1855 essent,
769 1825 855 1851 cum
887 1813 953 1852 illo
987 1812 1081 1852 haut
1110 1817 1252 1858 stares,
1275 1811 1415 1850 -Phae-

650 1869 747 1908 dria.

51 1936 123 1963 ΡΗ.
185 1923 275 1963 Sist.
309 1930 463 1976 patrue,
496 1924 648 1976 culpam
681 1930 723 1964 ut
753 1924 929 1975 Antipho
962 1924 999 1962 in
1028 1936 1071 1963 se
1104 1923 1322 1969 admiserit,
1364 1920 1414 1960 40

53 1979 108 2018 Ex
140 1992 215 2031 qua
248 1992 290 2019 re
322 1981 449 2019 minus
480 1981 538 2019 rei
574 1980 677 2020 foret
708 1985 773 2018 aut
804 1979 930 2018 famae
964 1985 1207 2031 temperanS,

49 2033 138 2074 Non
173 2047 351 2075 caussam
384 2036 488 2082 dico,
519 2037 627 2087 quin,
660 2035 764 2087 quod
796 2036 961 2075 meritus
994 2036 1057 2083 sit,
1091 2034 1204 2073 ferat.

50 2088 118 2129 Set
149 2091 182 2128 si
216 2091 303 2142 quis
337 2091 441 2131 forte
471 2091 618 2130 malitia
650 2091 775 2130 fretus
807 2103 876 2129 sua

49 2144 217 2185 Insidias
249 2151 410 2186 nostrae
442 2147 537 2186 fecit
568 2145 866 2186 adulescentiae

49 2201 110 2240 Ac
143 2201 255 2247 vicit,
287 2206 463 2241 nostran’
496 2202 610 2254 culpa
647 2207 731 2241 east
765 2215 814 2241 an
839 2203 1026 2251 iudicum,
1363 2199 1414 2237 45

49 2256 125 2304 Qui
156 2267 280 2309 saepe
310 2263 474 2309 propter
508 2258 694 2297 invidiam
728 2258 902 2297 adimunt
933 2257 1041 2296 diviti

48 2312 127 2350 Aut
156 2317 324 2364 propter
354 2313 669 2352 misericordiam
703 2313 852 2353 addunt
881 2311 1081 2365 pauperi?

50 2378 125 2408 GE.
184 2366 231 2406 Ni
262 2380 422 2408 nossem
455 2380 650 2419 caussam,
683 2369 889 2408 crederem
920 2381 1014 2407 vera
1042 2368 1146 2406 hunc
1176 2365 1296 2417 loqui.

50 2433 126 2462 DE.
185 2423 248 2462 An
281 2425 486 2476 quisquam
519 2424 640 2464 iudex
671 2430 744 2471 est3
779 2425 844 2476 qui
877 2425 1004 2476 possit
1034 2434 1204 2463 noscere

49 2476 131 2517 Tua
164 2480 280 2529 iusta,
312 2479 378 2518 ubi
410 2484 493 2519 tute
524 2480 686 2529 verbum
718 2492 796 2519 non
829 2479 1094 2530 respondeas,
1363 2476 1413 2515 50

48 2532 103 2571 lta
133 2539 176 2573 ut
205 2534 274 2573 ille
305 2533 433 2574 fecit?
487 2547 560 2574 PH.
609 2535 782 2575 Functus
814 2534 1142 2574 adulescentulist
