1605 2814
243 137 291 176 18
752 134 977 167 PHOEMIO.

185 273 260 301 GE..
320 259 419 298 Tum
439 258 628 298 Phormio
655 258 788 298 itidem
809 259 849 297 in
879 258 953 297 hac
981 270 1025 298 re
1055 263 1097 298 ut
1119 258 1206 299 aliis
1236 264 1441 299 strenuum
1464 260 1540 299 ho-

777 315 921 353 minem
943 314 1134 366 praebuit.

185 383 258 411 AN.
319 369 422 417 Quid
455 370 489 409 is
520 367 643 408 fecit?
703 381 776 408 GE.
809 367 1041 409 Confutavit
1069 369 1200 409 verbis
1222 369 1431 411 admodum
1458 371 1538 410 ira-

778 427 854 463 tum
877 436 1025 465 senem.

185 493 257 522 AN.
316 480 388 527 Eu,
419 479 616 519 Phormio.
685 491 759 519 GE.
813 479 1059 540 Ego‚·qu0d
1093 482 1383 532 potunt—,porra
1463 493 1539 522 AN.

783 534 972 584 Mif-Geta,
1005 536 1132 574 omnis
1163 538 1362 582 vesamo.

187 604 262 641 GE.
322 589 388 630 Sic
421 590 568 630 hahent
598 590 791 642 principia
821 603 928 639 sese,
961 595 1001 629 ut
1033 592 1144 636 dieej„
1177 590 1303 630 adhuc
1330 591 1540 642 tranquilla

779 657 845 684 res
878 649 949 696 est,
1493 648 1540 686 15

186 701 476 753 Mansurusque
507 705 690 753 patruum
722 705 834 752 pater
864 705 943 747 est,
986 701 1074 740 dum
1107 700 1181 740 huc
1212 701 1406 740 adveniat.
1467 714 1540 742 AN.

780 755 880 802 Quid
919 757 1041 796 eum?
1101 769 1176 796 GE.
1223 756 1271 796 Ut
1301 757 1419 798 aibat,

186 813 245 852 De
264 813 348 851 eius
372 812 543 852 consilio
563 823 657 850 sese
676 812 776 851 velle
800 812 949 861 faeere,
975 813 1078 863 quod
1098 813 1144 850 ad
1165 812 1264 850 hanc
1280 824 1362 851 rem
1381 812 1540 852 adtinet.

186 880 258 908 AN.
320 867 496 914 Quantus
540 871 665 907 metus
698 873 758 907 est
790 867 904 913 mihi,
949 869 1086 906 venire
1128 867 1205 907 huc
1245 869 1395 907 salvom
1439 879 1542 908 nunc

791 927 985 973 patruum,
1025 922 1154 962 Geta?

185 978 280 1018 Nam
313 990 386 1030 per
415 979 502 1017 eius
533 990 664 1027 unam,
694 982 737 1016 ut
757 978 889 1026 audio,
922 982 985 1017 aut
1010 978 1137 1017 vivam
1170 984 1236 1017 aut
1267 980 1413 1019 moriar
1444 992 1542 1019 sen-

779 1035 953 1073 tentiam.

189 1102 263 1129 GE.
322 1088 514 1128 Phaedria
537 1088 603 1127 tibi
625 1088 747 1128 adest.
807 1100 878 1128 AN.
911 1089 1146 1128 Ubinamst'?
1208 1101 1283 1127 GE.
1316 1089 1475 1136 Eccum,
1496 1090 1541 1129 ab

785 1157 855 1183 sua
887 1145 1084 1195 palaestra
1117 1145 1198 1183 exit
1226 1144 1348 1186 foras.
1491 1146 1543 1185 20

324 1253 364 1292 A
375 1251 527 1293 CTUS
553 1252 638 1294 HJ.
675 1252 918 1293 sommi
960 1252 1001 1295 V.
1065 1230 1178 1308 [AL.
1214 1251 1283 1294 SC
1327 1252 1404 1310 Π]

366 1339 633 1379 PHAEDRIA.
696 1338 863 1379 nomo.
925 1340 1159 1380 ANT1PHO.
1215 1340 1366 1381 GETA.

191 1432 263 1459 PH.
326 1419 465 1468 Dorio,
494 1418 598 1468 audi,
625 1419 806 1458 obsecro.
870 1431 939 1459 Do.
972 1419 1057 1457 Non
1082 1419 1212 1458 audio.
1272 1432 1345 1458 PH.
1378 1419 1546 1458 Parum-

789 1487 869 1526 per.
931 1486 1005 1514 Do.
1037 1474 1139 1520 Quin
1171 1475 1305 1513 omitte
1336 1488 1410 1514 uie.

191 1543 264 1573 ΡΗ.
325 1530 447 1575 Audi,
479 1529 583 1581 quod
616 1530 754 1568 dicam.
815 1542 888 1569 no,
923 1532 972 1569 At
1003 1531 1107 1568 enim
1139 1530 1272 1569 taedet
1303 1531 1378 1569 iam
1408 1531 1547 1570 audire

792 1585 928 1623 eadem
961 1586 1101 1624 milies.

193 1654 266 1682 PH.
326 1643 378 1681 At
408 1652 510 1679 nunc
534 1640 674 1688 dicam,
694 1640 801 1691 quod
826 1641 1009 1680 lubenter
1032 1640 1180 1680 audias.
1242 1653 1316 1680 D0.
1347 1641 1545 1692 Loquere,

795 1697 924 1734 audio.

193 1765 265 1792 ΡΗ.
324 1751 490 1804 Nequeo
523 1756 559 1790 te
594 1764 787 1792 exorare.
832 1756 873 1789 ut
915 1763 1074 1789 maneas
1115 1750 1284 1790 triduum
1318 1751 1424 1790 hoc?
1470 1763 1548 1803 quo

790 1819 892 1846 nunc
924 1807 1040 1845 abis‘?

195 1876 269 1902 Do.
331 1862 518 1909 Mirabar„
565 1864 596 1901 si
641 1868 681 1902 tu
720 1862 812 1902 mihi
852 1864 1059 1914 quicquam
1092 1860 1273 1901 adferres
1307 1863 1411 1900 novi.
1475 1874 1547 1901 ΑΝ.

793 1918 837 1957 Εἰ
1264 1950 1267 1953 i
1526 1920 1548 1956 5

193 1974 328 2015 Metuo
364 1974 570 2023 lenonem,
610 1986 659 2012 ne
693 1973 786 2025 quid
818 1986 890 2013 suo
919 1977 1005 2012 suat
1036 1973 1169 2025 capiti.
1230 1984 1303 2010 GE.
1339 1971 1442 2011 Idem
1472 1984 1549 2026 ego

795 2041 949 2069 vereor.

197 2098 269 2127 ΡΗ.
326 2085 413 2124 Non
432 2085 526 2124 mihi
544 2084 705 2124 credis?
775 2097 847 2125 Do,
883 2083 1106 2123 Hariolare.
1166 2095 1235 2123 ΡΗ.
1267 2082 1332 2122 Sin
1352 2082 1467 2122 fidem
1486 2083 1550 2123 do.

790 2153 864 2181 DO.
927 2139 1038 2191 Logi.

198 2209 271 2236 PH.
328 2197 587 2235 Faeneratum
619 2196 723 2235 istuc
755 2195 990 2234 beneficium
1021 2194 1187 2246 pulchre
1215 2194 1283 2232 tibi
1306 2193 1426 2232 dices.
1478 2205 1551 2232 Do.

789 2251 974 2290 Fabulae.

200 2320 272 2347 PH.
335 2306 463 2346 Crede
494 2307 610 2355 mihi,
651 2306 843 2358 gaudebis
876 2305 1003 2354 fact03
1042 2317 1179 2343 verum
1211 2305 1342 2342 hercle
1374 2303 1450 2342 hoc
1481 2307 1552 2342 est.

798 2374 871 2399 Do.
925 2360 1095 2401 Somnia.

201 2431 274 2458 PH.
335 2418 555 2470 Experire3
588 2429 664 2456 non
693 2421 751 2456 est
776 2418 950 2469 longum.
1010 2428 1084 2454 Do.
1120 2414 1363 2455 Cantilenam
1388 2413 1553 2452 eandem

732 2471 734 2473 ’
798 2474 917 2511 canis.
1508 2468 1554 2507 10

203 2543 276 2571 ΡΗ.
337 2530 394 2570 Tu
407 2533 840 2582 cognatus,tuparens‚
858 2533 895 2567 [u
910 2528 1071 2575 amicus,
1091 2530 1129 2565 tu
1144 2550 1189 2554 —
1211 2537 1283 2564 Do.
1299 2525 1411 2564 Garri
1425 2525 1555 2564 niodo.
