1605 2814
212 127 262 164 44
759 126 921 158 NOTAE

161 249 381 290 quingentos,
422 251 589 281 interdum
622 251 750 291 plures,
795 261 870 282 raro
903 251 1094 292 pauciores)
1133 252 1382 283 sortiebantur-,v
1442 250 1528 283 Erat

163 301 275 326 autem
302 296 374 327 eius
399 297 625 336 magistratus,
653 298 696 327 ad
722 307 820 337 quem
846 307 968 329 caussa
991 298 1194 338 pertinebat,
1222 308 1349 335 curare,
1375 305 1413 328 ut
1437 296 1528 329 thes*-

163 342 332 373 mothetae
356 343 483 374 iudices
516 344 730 381 sortirentur,
763 344 918 384 diemque
951 354 1088 375 caussae
1119 345 1270 384 agendae
1306 345 1528 387 constituere,

164 394 235 419 tum
259 399 336 419 vero
363 399 513 420 caussam
539 390 573 420 in
598 390 758 421 iudicium
783 391 947 421 deducere
973 388 1181 433 (εἰσάγειν),
1210 391 1334 422 iudicio
1358 401 1524 432 praeesse,

161 435 371 474 litigantibus
397 446 517 476 aquam
542 435 738 473 infundere,
777 437 987 468 orationibus
1026 437 1068 467 ab
1104 443 1242 478 utraque
1275 443 1372 478 parte
1402 438 1528 468 habitis

162 482 289 512 iudices
320 482 357 512 in
391 481 551 522 suffragia
583 484 714 514 mittere
750 482 894 526 (ψῆφον
929 480 1093 523 διδόναι)
1131 493 1236 523 eaque
1275 493 1453 515 numerare
1483 489 1528 521 et,

163 529 253 568 quod
278 529 386 560 maior
410 539 488 569 pars
520 529 668 560 iudicum
700 530 897 567 iudicasset,
935 530 1152 571 pronuntiare
1186 536 1219 561 et
1249 531 1449 561 describere.
1485 547 1529 553 —

161 574 200 604 In
218 574 345 605 caussis
364 575 521 606 orbarum
539 575 624 616 (vid.
643 577 685 607 ad
703 576 840 615 Prolog.
861 587 890 606 v.
907 576 968 617 ⁶25)
988 577 1115 607 archon
1130 586 1316 617 eponymus
1335 582 1528 618 competens

161 622 378 661 magistratus
402 627 482 654 erat.

254 690 324 728 III,
359 694 391 728 2,
428 693 482 723 57.
522 689 677 722 Iudicium
715 690 752 721 tle
785 690 892 722 cadem
928 703 1043 722 caussa
1078 692 1184 722 iterum
1218 698 1252 722 ut
1282 690 1420 723 reddant
1450 691 1525 732 tibi]

160 736 205 767 Et
229 737 373 767 Athenis
403 743 435 767 et
462 738 590 768 Romae
622 738 672 768 ius
707 744 795 770 erat.
834 744 870 768 ut
906 747 959 768 res
994 738 1179 769 diiudicata
1209 739 1245 769 in
1279 739 1439 770 iudicium
1470 740 1530 770 de-

162 784 238 814 duci
265 784 384 814 iterum
403 794 472 814 non
492 790 619 824 posset,
646 785 731 814 adeo
757 790 804 816 ut.
832 785 888 825 qui
914 786 953 815 de
977 785 1093 815 eadem
1120 794 1155 815 re
1181 785 1301 816 iterum
1327 785 1403 826 lege
1429 795 1528 826 agere

161 830 272 867 vellet,
293 830 549 861 submoveretur
565 831 760 871 exceptione
778 831 825 861 rei
843 831 1022 861 iudicatae.
1072 831 1160 862 Hinc
1177 838 1280 862 actum
1298 843 1391 873 ayere
1407 832 1452 872 (v.
1469 832 1527 872 72)

162 877 197 907 in
222 877 436 917 proverbium
462 878 551 907 venit
576 878 616 907 de
643 887 700 915 eo,
746 878 801 918 qui
833 876 957 908 frustra
990 887 1126 918 operam
1159 879 1269 909 sumit.
1307 896 1348 900 —
1384 878 1420 923 §i
1455 880 1529 919 quis

162 928 294 959 autem,
329 932 430 962 quum
468 924 589 954 absens
622 925 656 954 in
693 925 937 955 contumaciam
970 925 1147 955 damnatus
1174 930 1280 962 esset,
1313 926 1530 956 iureiurando

161 970 322 1000 firmaret.
358 979 392 1000 se
425 980 492 1000 non
518 980 577 1001 sua
604 970 702 1011 culpa
726 970 941 1008 abfuisse,·ei
966 971 1126 1001 iudicium
1155 971 1274 1002 iterum
1301 972 1373 1002 dari
1397 977 1532 1013 poterat

166 1013 202 1059 (ἡ
229 1015 311 1058 δίκη
337 1013 511 1055 &vacienus
537 1013 714 1059 ἕγένετο);
744 1018 832 1047 idem
859 1018 892 1048 in
920 1018 1118 1057 quibusdam
1145 1019 1269 1049 caussis
1294 1018 1365 1048 fieri
1388 1024 1529 1059 poterat.

162 1064 189 1093 si
216 1063 289 1104 quis
311 1063 439 1094 iudices
466 1063 562 1094 falsis
587 1064 727 1094 testibus
753 1064 910 1104 deceptos
934 1063 1039 1095 fuisse
1064 1064 1250 1104 probasset.

257 1132 319 1170 ΙΙΙ,
348 1136 379 1169 2,
407 1135 458 1163 63.
485 1133 587 1163 minas
612 1133 744 1174 quinque
769 1130 890 1176 accipe]
916 1134 1002 1164 vid„
1020 1134 1060 1164 ad
1086 1133 1224 1173 Prolog.
1249 1144 1279 1163 v.
1307 1137 1359 1164 25.

254 1201 317 1239 III,
345 1206 376 1239 2,
404 1204 457 1233 75.
485 1208 539 1232 tua
555 1203 763 1243 praeterierat
780 1202 843 1234 iam
862 1201 908 1233 ad
923 1201 1096 1234 ducendum
1111 1202 1216 1243 aetas]
1245 1203 1378 1234 Certam
1399 1203 1530 1243 legibus

165 1249 381 1279 constitutam
407 1247 509 1279 fuisse
536 1256 692 1281 aetatem.
719 1259 784 1289 qua
809 1250 883 1289 quis
907 1250 1137 1290 praeterlapsa
1157 1251 1273 1280 orbam
1300 1250 1422 1280 ducere
1454 1250 1529 1288 cogi

151 1304 230 1325 ‚non
253 1301 377 1336 posset,
396 1305 465 1325 non
488 1296 697 1332 crediderim,
717 1305 924 1335 quamquam
941 1306 1038 1327 senes
1060 1297 1256 1337 decrepitos,
1280 1305 1381 1336 quum
1396 1295 1532 1327 Solonis

162 1341 232 1380 legi
257 1341 443 1379 (Plutarch.
459 1342 574 1381 fison.
601 1342 657 1381 20)
679 1341 872 1373 satisfacere
894 1343 951 1373 vix
968 1349 1115 1384 possent,
1142 1343 1241 1374 orbas
1264 1343 1395 1384 puellas
1419 1343 1531 1384 potius

163 1388 352 1419 iunioribus
379 1398 495 1428 conce(r
530 1398 587 1428 :se
613 1399 711 1429 quam
737 1389 829 1430 ipsos
856 1390 990 1420 duxisse
1017 1390 1196 1421 verisimile
1223 1396 1282 1421 est.

254 1457 323 1494 ΠΙ,
365 1461 401 1496 5,
441 1461 491 1489 17.
529 1457 642 1499 Neque
667 1458 806 1499 Antipho
833 1458 901 1489 alia
926 1455 996 1502 cea]
1023 1458 1057 1490 Si
1083 1460 1178 1490 locus
1203 1469 1302 1490 sanus
1327 1465 1389 1496 est,
1416 1468 1532 1490 eorum

167 1503 399 1545 interpretatio
419 1506 595 1546 probanda
612 1515 684 1536 esse
698 1506 838 1543 videtur,
864 1506 920 1546 qui
935 1517 1029 1546 neque
1043 1505 1109 1537 alia
1130 1506 1285 1546 iungunt,
1314 1511 1349 1536 ut
1361 1505 1532 1536 Phaedria

168 1551 234 1581 hoc
255 1551 317 1581 sibi
343 1552 471 1582 malum
496 1557 566 1582 tum
593 1552 764 1583 obiectum
783 1560 862 1583 ‘esse
889 1554 1188 1593 queraturdquum
1210 1553 1364 1593 Antipho
1382 1563 1441 1583 non
1464 1551 1533 1583 alia

166 1598 198 1636 (i.
236 1607 264 1629 e.
301 1598 434 1637 eadem)
479 1598 707 1630 sollicitudine
748 1604 933 1639 occupatus
966 1600 1027 1630 sibi
1064 1599 1228 1630 auxilium
1259 1599 1345 1630 ferre
1374 1604 1532 1639 nequeat.

167 1644 341 1675 Bentleius
383 1651 510 1682 autem,
563 1646 619 1685 qui
660 1650 735 1686 post
777 1656 872 1686 neque
913 1646 1086 1676 minimam
1133 1646 1380 1677 distinctionem
1425 1645 1533 1686 ponit,

162 1690 365 1721 Phaedriam
400 1692 604 1733 Antiphonis
635 1691 789 1722 felicitati
824 1692 1027 1723 invidentem
1062 1691 1139 1732 (cfr.
1178 1692 1235 1729 II,y
1275 1696 1309 1730 l,
1359 1696 1398 1723 10
1438 1692 1533 1732 sqq.)

163 1738 331 1776 indignari
349 1744 455 1778 putat,
484 1748 552 1769 non
572 1744 642 1769 tum
659 1739 721 1770 sibi
738 1738 803 1769 hoc
822 1739 948 1769 malum
967 1739 1136 1770 obiectum
1155 1749 1237 1776 esse,
1257 1749 1360 1780 quum
1377 1739 1534 1779 Antipho

165 1783 232 1814 alia
255 1784 482 1815 sollicitudine
511 1792 694 1826 occupatus
721 1791 810 1816 esset
836 1786 937 1824 (nunc
960 1791 1070 1816 autem
1090 1796 1123 1816 se
1148 1787 1182 1816 in
1205 1780 1430 1817 sollicitudine
1450 1795 1533 1822 esse,

165 1840 268 1870 quum
292 1831 446 1872 Antipho
473 1832 686 1863 beatissimus
713 1832 795 1871 sit),
822 1832 874 1862 vel
900 1841 941 1862 ex
967 1832 1190 1863 aemulatione
1227 1838 1260 1863 et
1289 1833 1416 1862 invidia
1448 1832 1535 1863 inter

163 1886 261 1918 pares
286 1884 318 1908 et
341 1884 515 1918 cognatos.
541 1879 595 1909 vel
619 1879 709 1918 quod
736 1879 771 1909 in
789 1879 924 1909 miseria
950 1879 1032 1909 s'ocii
1057 1888 1091 1910 se
1119 1879 1258 1910 invicem
1284 1879 1391 1920 magis
1417 1886 1534 1910 curent

171 1929 203 1954 ct
222 1924 389 1957 adiuvent.

256 1985 326 2031 IV,
354 1998 393 2031 3,
420 1997 472 2025 39.
506 1993 670 2025 Talentum
692 1991 848 2038 magnum]
886 1994 1067 2025 Talentum
1097 2003 1256 2034 magnum
1287 1999 1338 2024 est
1368 1984 1533 2024 talentum

170 2040 341 2077 Atticum,
370 2042 458 2081 qnod
485 2042 663 2081 sexaginta
683 2042 801 2079 minis,
835 2051 895 2073 sex
926 2041 1063 2072 milibus
1095 2041 1331 2071 drachmarum
1357 2041 1535 2072 constabat

165 2086 319 2126 (valebat
349 2086 420 2118 sere
446 2088 522 2118 mile
558 2086 702 2129 Species,
738 2098 820 2129 quas
856 2087 1015 2125 dicimus,
1043 2088 1151 2118 nostri
1185 2086 1347 2128 argenti).
1426 2086 1534 2118 Erant

165 2138 277 2163 autem
302 2135 390 2174 apud
408 2133 559 2166 Graecos
587 2135 686 2166 etiam
715 2135 781 2166 alia
806 2134 943 2172 talenta,
969 2135 1088 2166 Attico
1111 2134 1233 2175 partim
1259 2134 1385 2165 maiora
1412 2135 1533 2174 partim

164 2189 305 2211 minora.

255 2249 318 2287 IV,
344 2254 376 2281 3.
403 2230 460 2284 422
488 2246 671 2294 suscepisse]
697 2250 778 2281 Vid.
805 2251 847 2281 ad
876 2252 982 2282 Andr.
1007 2250 1035 2287 I,
1062 2254 1093 2282 3.
1125 2255 1178 2284 14.

260 2319 324 2357 IV,
356 2323 386 2357 3,
413 2323 468 2353 58.
494 2319 669 2351 Aedicztlae
696 2320 732 2350 ob
758 2318 861 2350 decem
886 2318 989 2396 alias}
1026 2320 1140 2351 Pretia
1179 2320 1409 2351 aedificiorum
1445 2319 1555 2360 apud·

166 2365 397 2397 Athenienses
425 2377 445 2397 a
470 2367 577 2398 tribus
602 2367 700 2398 minis
721 2366 765 2396 ad
790 2367 856 2397 duo
884 2366 973 2397 talen
991 2376 1010 2397 a
1031 2367 1180 2397 indicata
1201 2367 1400 2398 invenimus.

257 2435 320 2472 IV,
348 2440 380 2476 4,
411 2438 462 2467 15.
488 2435 527 2466 In
553 2447 677 2467 nervom
699 2436 804 2477 potius
830 2435 898 2477 ibit]
926 2434 998 2469 Cfr.
1024 2437 1065 2466 ad
1093 2436 1155 2473 111,
1189 2437 1216 2473 l,
1247 2437 1295 2468 11.
1363 2434 1533 2475 Demipho

165 2481 405 2513 Phormionem
448 2483 483 2512 in
522 2483 574 2514 ius
613 2493 735 2514 vocare
780 2488 931 2524 poterat,
982 2488 1017 2512 ut
1058 2488 1215 2523 acceptas
1252 2483 1389 2522 triginta.
1425 2482 1534 2512 minas

166 2529 354 2560 restitueret
390 2528 548 2569 (fortasse
582 2528 664 2573 δίκῃ
697 2526 874 2572 ἀργυρίου
908 2536 964 2560 aut
999 2527 1174 2574 βλάβης);
1210 2530 1267 2560 sed
1301 2528 1470 2570 quomodo
1502 2527 1535 2558 in
1569 2556 1573 2559 Α
