1605 2814
258 154 310 196 28
772 154 997 188 PHORMIO.

203 292 270 320 so.
329 278 551 331 Conposito
582 279 787 329 factumst,
830 290 908 329 quo
947 278 1066 318 modo
1104 278 1205 317 hanc
1244 289 1377 317 amans
1411 277 1559 317 habere

201 387 295 429 Sine
326 389 432 429 dote.
491 401 561 429 cn.
600 389 647 429 Di
678 338 1022 435 vostrgrgssfiedem,
1054 400 1168 440 quam
1200 400 1324 440 saepe
1355 387 1461 428 forte
1494 393 1559 483 ἰξὸ-

802 455 911 483 mere

199 499 411 550 Eveniunt,
443 512 545 551 quae
566 512 644 540 non
678 500 825 539 audeas
859 497 1030 550 optare?
1063 498 1210 538 offendi
1242 499 1473 546 adveniens,

200 554 366 601 Quicum
402 555 582 594 volebam
615 560 732 608 atque
763 559 803 594 ut
834 554 1028 602 volebam,
1060 554 1304 593 conlocatam
1336 554 1466 594 filiam.

200 609 315 655 Quod
345 622 416 648 nos
438 611 552 651 ambo
591 624 717 663 opere
740 621 922 650 maxumo
946 609 1131 647 dabamus
1156 621 1317 659 operam
1358 615 1396 648 ut
1432 610 1556 659 fieret,

197 665 292 705 Sine
323 670 459 706 nostra
492 679 586 706 cura
617 679 796 706 maxuma
828 677 898 704 sua
931 676 1025 703 cura
1058 665 1153 702 haec
1183 664 1268 703 sola
1301 664 1408 703 fecit.

198 733 262 759 so.
315 721 426 760 Nunc
446 723 539 773 quid
558 735 657 774 opus
681 722 786 761 facto
809 721 872 769 sit,
901 719 1012 768 vide3
1046 724 1159 770 pater
1191 720 1462 760 adulescentis
1482 733 1554 759 ve-

798 778 865 826 nii,
1505 775 1555 815 35

195 831 374 883 Eumque
405 832 535 872 animo
564 833 700 884 iniquo
733 833 811 872 hoc
843 831 991 882 oppido
1024 829 1129 869 ferre
1161 830 1276 869 aiunt.
1356 841 1427 869 cn.
1493 830 1555 870 Nil

792 886 982 939 periclist.

196 941 265 982 Set
297 954 370 994 per
395 942 491 982 deos
525 948 644 994 atque
681 942 878 992 homines,
910 953 1034 982 meam
1067 953 1161 979 esse
1184 941 1285 979 hanc
1311 953 1406 980 cave
1425 942 1555 981 resci-

794 1003 879 1037 scat
910 998 1130 1048 quisquam.

197 1064 261 1091 so.
318 1053 442 1093 Nemo
475 1066 524 1093 ex
556 1066 618 1092 me
651 1053 776 1092 scibit.
852 1065 923 1092 CH.
973 1053 1152 1103 Sequere
1179 1063 1262 1097 me3
1290 1052 1391 1090 intus
1420 1056 1553 1091 cetera

792 1109 1008 1148 audiemus.

352 1216 555 1259 ACTUS
595 1217 637 1260 V.
704 1216 948 1258 SCAENA
978 1217 1014 1258 l.
1079 1216 1194 1272 [AL.
1225 1214 1307 1258 SC.
1335 1214 1413 1271 IL]

654 1304 890 1344 DEMIPHO.
949 1305 1094 1344 GETA.

194 1392 269 1419 DE.
322 1381 535 1434 Nostrapte
558 1384 673 1436 culpa
696 1383 877 1433 facimus,
901 1388 942 1422 ut
965 1383 1088 1422 malos
1109 1381 1293 1433 expediat
1316 1394 1418 1430 esse,

193 1435 290 1475 Dum
327 1438 487 1478 nimium
519 1439 594 1478 dici
627 1452 700 1479 nos
732 1440 860 1478 bonos
882 1439 1085 1477 studemus
1123 1444 1160 1475 et
1193 1437 1398 1491 benignos.

193 1491 248 1529 lta
266 1490 410 1545 fugias,
435 1506 485 1532 ne
510 1499 668 1545 praeter
692 1507 833 1535 casam.
866 1494 969 1546 quod
1004 1496 1121 1532 aiunt.
1162 1492 1304 1531 Nonne
1322 1493 1358 1531 id
1383 1498 1444 1531 sat
1466 1496 1551 1531 erat

191 1546 390 1597 Accipere
415 1549 460 1587 ab
481 1550 547 1590 iilo
572 1550 784 1590 iniuriam?
818 1551 931 1588 etiam
951 1548 1312 1602 argentumstultro
1338 1548 1549 1595 obiectum,

191 1601 237 1640 Ut
269 1603 330 1649 sit,
364 1605 427 1653 qui
453 1605 566 1651 vivat,
601 1606 691 1645 dum
714 1605 819 1645 aliud
852 1605 997 1656 aliquid
1032 1605 1153 1656 flagiti
1190 1603 1385 1643 conficiat.
1527 1605 1548 1641 5
1583 1651 1605 1658 μ’

191 1669 266 1698 GE.
328 1658 582 1700 planissume.
664 1674 739 1702 DE.
781 1660 830 1699 Iis
870 1672 972 1699 nunc
1010 1660 1283 1712 praemiumst,
1335 1659 1400 1710 qui
1438 1663 1549 1698 recta
1594 1658 1597 1660 “

785 1728 902 1767 prava
937 1716 1096 1754 faciunt.

191 1780 265 1806 GE.
325 1768 567 1809 Verissume.
626 1781 701 1809 DE.
734 1769 782 1809 Ut
810 1772 1053 1810 stultissume
1080 1771 1236 1822 quidem
1258 1769 1312 1808 illi
1344 1781 1426 1809 rem
1450 1782 1549 1824 ges-

784 1838 966 1866 serimus.

189 1892 264 1919 GE.
324 1880 441 1921 Modo
470 1885 510 1920 ut
534 1882 610 1922 hoc
635 1882 803 1921 consilio
833 1883 984 1933 possiet
1010 1882 1174 1928 discedi,
1212 1885 1253 1920 ut
1278 1881 1390 1919 istam
1415 1880 1547 1920 ducat.

189 1947 263 1974 DE.
325 1936 502 1976 Etiamne
549 1938 585 1976 id
626 1937 852 1977 dubiumst?
913 1949 985 1976 GE.
1047 1938 1144 1976 Haut
1182 1938 1267 1976 scio
1306 1935 1459 1982 hercle,
1508 1940 1547 1974 ut

784 1993 955 2042 homost,
991 2005 1038 2031 an
1071 1997 1193 2032 mutet
1226 1992 1409 2031 animum.

187 2058 261 2086 DE.
321 2047 432 2099 Hem,
466 2052 588 2087 mutet
620 2048 787 2087 autem?
846 2061 918 2088 GE.
976 2049 1142 2094 Nesci03
1174 2059 1330 2093 verum,
1363 2047 1394 2085 si
1426 2046 1545 2097 forte,

783 2105 886 2145 dieo.
1500 2103 1546 2142 10

186 2169 262 2196 DE.
319 2158 375 2197 lta
408 2157 570 2209 faciam,
610 2164 653 2198 ut
690 2159 815 2199 frater
845 2160 1020 2209 censuit,
1062 2164 1101 2198 ut
1141 2171 1307 2198 uxorem
1344 2159 1421 2199 huc
1460 2160 1545 2198 eius

784 2215 988 2265 adducann

186 2267 281 2307 Cum
312 2269 387 2307 ista
419 2274 461 2309 ut
491 2271 685 2322 loquatur.
748 2271 826 2318 Tu,
868 2270 986 2318 Geta,
1026 2271 1088 2309 abi
1121 2282 1234 2322 prae3
1278 2271 1410 2309 nuntia
1444 2271 1545 2309 hanc

780 2332 998 2364 venturam.

184 2391 259 2420 GE.
319 2380 539 2430 Argentum
572 2381 811 2421 inventumst
842 2381 1077 2427 Phaedriaeg
1111 2382 1159 2420 de
1191 2382 1322 2434 iurgio
1354 2381 1515 2427 siletur3

182 2435 449 2486 provisumst,
481 2449 531 2476 ne
561 2437 598 2475 in
631 2438 859 2489 praesentia
893 2437 990 2476 haec
1022 2438 1113 2476 hinc
1144 2437 1271 2488 abeat;
1310 2436 1401 2488 quid
1439 2448 1542 2475 nunc

779 2503 904 2544 porro
926 2493 947 2531 ?
1238 2516 1241 2519 ,

182 2546 283 2593 Quid
316 2546 414 2586 fiet?
443 2548 483 2587 in
516 2548 657 2587 eodem
690 2548 772 2587 luto
806 2548 999 2594 haesitas3
1030 2559 1198 2587 vorsura
1230 2546 1367 2595 solvis,
1498 2547 1541 2584 15
