1605 2814
199 126 250 166 42
476 168 483 173 ῃ
752 125 912 157 NOTAE

236 250 264 285 I.
289 253 319 288 2,
348 253 401 281 29.
430 250 585 291 utisoro]
611 250 640 282 I.
668 260 696 281 e.
723 251 843 282 servire
869 251 1023 291 tempori.
1071 250 1286 282 Proverbium
1313 255 1364 281 est
1384 259 1404 280 a
1426 259 1511 280 mer-

148 296 317 328 catoribus
350 297 505 333 ductum,
544 297 601 336 qui
634 306 735 336 quum
770 297 811 327 ad
847 296 955 327 forum
987 306 1097 328 rerum
1130 296 1297 327 venalium
1336 302 1510 331 venerunt,

146 352 273 374 merces
300 353 378 373 suas
403 343 560 380 vendunt,
587 353 655 373 non
681 344 796 384 quanti
820 344 1009 381 voluerunt,
1037 345 1094 375 sed
1120 343 1233 383 quanti
1259 347 1413 383 possunt.

238 423 271 461 Ι,
299 427 335 461 2,
370 426 426 456 39.
460 423 643 464 Tonstrina]
682 423 852 454 Tonsores
887 430 1035 455 veterum
1068 434 1135 455 non
1171 425 1270 455 modo
1306 424 1446 464 capillos
1481 430 1513 454 et

146 470 286 501 barbam
306 470 503 507 tondebant,
521 479 637 500 verum
655 470 755 500 etiam
774 478 904 510 ungues
919 471 1125 501 resecabant.
1171 470 1209 501 In
1229 480 1343 501 eorum
1359 470 1513 500 tabernas

147 517 361 557 (tonstrinas,
377 516 543 558 κουρεῖα)
562 517 661 547 otiosi
681 517 858 547 convenire
877 517 1033 548 solebant
1050 517 1163 556 ibique
1178 526 1346 548 sermones
1360 516 1512 547 caedere.

239 585 265 623 Ι,
292 589 322 622 2,
350 588 403 617 47.
423 586 485 616 sita
510 591 578 616 erac
603 584 824 627 exadvorsum]
852 586 929 616 Vid.
955 587 996 617 ad
1021 587 1128 617 Andr.
1149 585 1176 623 Ι,
1207 589 1235 621 1,
1263 589 1316 617 81.

241 655 267 690 Ι,
290 658 320 692 2,
348 657 400 685 75.
437 655 508 689 Lex
539 661 599 692 est,
625 661 669 697 ,μί
702 655 795 685 orbae
829 655 901 696 cet]
944 656 1021 686 Vid.
1060 656 1101 686 ad
1136 655 1272 695 Prolog.
1311 665 1339 685 v.
1378 659 1429 687 25.
1474 673 1513 678 —

150 701 233 733 Mox
257 712 285 732 v.
313 703 351 732 77
381 700 455 732 dica
481 706 532 732 est
559 702 674 733 Graee.
703 700 795 744 δίκη.

241 772 267 809 Ι,
296 775 326 809 2,
356 774 409 801 90.
437 769 492 801 Ad
512 770 723 811 precatorem]
751 771 831 802 Vid.
859 772 900 801 ad
927 770 1110 801 Heautont.
1136 770 1178 807 V,
1208 773 1225 792 2
1266 774 1307 794 22

240 854 267 892 Ι,
297 858 328 892 2,
359 858 433 887 100.
462 854 507 885 ad
528 853 708 897 portitores]
744 855 890 886 Athenis
918 856 1086 890 omnium,
1127 864 1213 894 quae
1245 856 1517 896 importabantur

150 908 182 933 et
197 901 471 942 exportabmitur,
494 902 772 942 quinquagesima
787 911 864 942 pars
880 902 974 942 pretii
1009 898 1044 945 (ἡ
1063 899 1302 945 πεντηκοστή)
1329 904 1371 933 ad
1385 909 1517 944 portum

151 949 358 988 exigebatur.
383 948 457 979 Hoc
474 949 660 988 portorium
676 948 857 988 quotannis
871 948 913 978 ab
928 948 995 979 illis
1010 949 1270 988 magistratibus,
1289 950 1344 989 qui
1355 950 1519 993 πωλητᾳί

153 996 352 1026 dicebantur
377 1001 409 1025 et
434 995 548 1025 decem
575 1000 669 1025 erant
694 1004 852 1031 numero,
881 1001 1016 1025 senatus
1044 995 1119 1036 (τῆς
1145 994 1292 1039 βουλῆς)
1319 997 1519 1028 auctoritate

148 1043 342 1079 Iocabatur3
370 1042 425 1082 qui
441 1042 675 1072 conducebant
692 1042 908 1081 (publicani),
928 1042 1124 1072 dicebantur
1142 1042 1303 1082 τελῶναι,
1336 1053 1518 1084 eorumque

151 1089 310 1128 magister
329 1085 494 1130 ἅρχώνης
513 1085 804 1130 ν.τελ.ωνάρχης;
827 1089 882 1128 qui
907 1088 1090 1128 exigebant
1110 1089 1330 1128 (portitores).
1355 1090 1517 1130 τελῶναι,

151 1132 487 1177 πεντηκοστολόγοι,
513 1131 761 1176 ἐλλιμενισταί,
789 1132 954 1177 ἐκλογεῖς.
1004 1135 1136 1166 Horum
1163 1141 1233 1166 erat
1259 1146 1401 1172 merces,
1432 1146 1518 1176 quae

152 1182 419 1222 importabantur
460 1180 512 1212 vel
553 1183 835 1222 exportabantur‚
884 1182 1023 1212 scrutari
1062 1187 1094 1212 et
1129 1182 1305 1213 aestimare
1337 1192 1520 1224 earumque

152 1228 307 1269 pretiain
323 1229 455 1259 codices
474 1227 606 1259 referre.
655 1229 709 1259 Ex
734 1228 798 1258 hoc
824 1228 899 1259 loco
926 1228 1098 1262 discimus,
1130 1229 1300 1269 epistolas.
1330 1236 1365 1259 ut
1388 1230 1521 1260 videtur

152 1275 294 1305 navibus
321 1275 488 1312 advectas,
515 1275 556 1305 ad
582 1284 638 1306 eos
664 1275 792 1305 delatas
818 1274 938 1312 fuisse3
961 1274 1040 1306 alibi
1062 1281 1171 1305 autem
1198 1276 1332 1315 legitur,
1359 1277 1520 1317 epistolas

152 1322 240 1362 apud
266 1331 323 1352 eos
349 1322 534 1360 resiwnatas
560 1326 593 1351 et
616 1321 784 1362 inspectas
810 1320 921 1352 fuisse.

246 1406 272 1438 Ι
300 1410 436 1443 2102.
464 1405 508 1436 cla
526 1405 582 1436 hoc
600 1405 739 1447 Dorcio]
769 1407 931 1437 Dorciuin
959 1404 1066 1436 Getae
1094 1415 1255 1436 conseiva
1285 1413 1318 1438 et
1344 1418 1428 1438 uxor
1453 1409 1518 1439 εἴγε

154 1453 403 1484 contubernalis
429 1463 501 1483 esse
524 1453 664 1484 videtur.

246 1522 291 1559 II,
324 1526 355 1559 3,
394 1525 445 1553 62.
512 1520 643 1552 *Servom
669 1521 816 1552 hominem
844 1533 986 1553 caussam
1015 1533 1106 1552 orare
1132 1520 1211 1562 [eyes
1237 1533 1294 1552 non
1320 1523 1425 1553 sinunt
1449 1521 1517 1565 cea]

153 1570 234 1600 Vid.
261 1569 301 1599 ad
332 1570 435 1599 Andr.
462 1568 524 1605 IV,
554 1572 583 1606 5,
611 1572 652 1599 32

243 1653 287 1692 ΙΙ,
314 1657 347 1687 3.
375 1656 428 1684 66.
456 1652 541 1694 quod
565 1652 614 1684 lex
642 1653 730 1694 iubet]
759 1654 834 1684 Vid.
863 1654 905 1684 ad
932 1653 1068 1693 Prolog.
1094 1664 1122 1684 v.
1148 1657 1201 1683 25.

248 1724 291 1762 11,
320 1727 351 1761 3,
379 1726 431 1755 80.
459 1721 542 1764 illue]
567 1723 646 1753 vid.
678 1723 740 1759 ΠΙ,
769 1727 799 1760 4,
828 1726 880 1753 20.
1171 1714 1178 1716 ”

248 1805 293 1844 ΙΙ,
321 1808 352 1841 3,
381 1808 435 1835 81.
459 1803 533 1834 deos
564 1802 747 1846 salutatum]
803 1803 947 1843 Peregre
989 1804 1207 1834 advenientes
1252 1804 1331 1834 deos
1377 1803 1521 1834 salutare

156 1852 192 1893 (i,
219 1861 245 1883 e.
271 1852 444 1891 venerari)
469 1851 578 1891 iisque
605 1852 730 1890 gratias
757 1860 854 1890 agere
877 1850 1043 1883 solebant.

248 1932 319 1972 ΙΙΙ,
362 1933 390 1969 1,
423 1932 475 1965 11,
516 1931 545 1961 [n
580 1943 703 1963 nervom
734 1930 888 1972 erumpat]
925 1930 1056 1961 Nervus
1092 1930 1195 1961 fuisse
1229 1932 1349 1962 dicitur
1379 1930 1523 1962 ferreum

157 1979 340 2016 vinculum2
364 1989 430 2019 quo
453 1979 557 2018 pedes
571 1979 822 2019 impedirentur.
842 1978 1010 2008 interdum
1026 1978 1127 2008 etiam
1149 1979 1295 2008 cervices
1309 1977 1524 2008 vincirentur.

158 2027 242 2057 Eius
268 2025 344 2056 loco
371 2026 460 2066 apud
486 2025 714 2057 Athenienses
750 2026 782 2055 in
817 2035 877 2055 usn
904 2030 973 2055 erat
998 2021 1212 2067 ποδοκάκκη
1248 2024 1406 2064 (sortasse
1442 2033 1525 2063 quas

157 2072 277 2104 Cieelo
302 2071 639 2113 (li(=itlzy1zeassoleas)
656 2069 842 2112 τιυῐξύλον,
862 2081 927 2111 quo
937 2072 1076 2111 etpedcs
1088 2077 1119 2101 et
1131 2072 1272 2102 cervices
1287 2070 1523 2103 induebantur.

152 2119 193 2150 In
206 2119 459 2149 vinculaautem
472 2119 634 2149 coniicieb
639 2125 737 2149 Ἦηω·
749 2115 802 2157 (ἐν
811 2118 860 2162 τῷ
869 2114 962 2173 ξύλῳ
972 2115 1174 2160 ἐδέθησαν)
1186 2128 1306 2158 quum
1299 2117 1523 2148 ·1liinocentes

156 2172 226 2196 tum
244 2166 412 2196 debitores
426 2165 553 2205 publici
570 2163 622 2205 (οι
633 2165 681 2210 τῷ
693 2164 853 2208 δημοσίῳ
865 2152 1107 2206 ὁφείλοντες);
1129 2165 1249 2195 etenim
1267 2164 1322 2203 qui
1337 2169 1404 2199 aut,
1421 2173 1524 2203 quum

155 2212 335 2252 vectigalia
361 2211 497 2252 publica
524 2199 767 2243 conduxissent
794 2212 867 2252 (cir.
888 2213 928 2242 ad
948 2211 1014 2247 Ι,2
997 2234 1026 2249 -,
1050 2212 1141 2247 100),
1163 2211 1339 2252 pecuniam
1365 2211 1408 2240 ad
1434 2211 1523 2240 diem

155 2269 223 2290 non
248 2259 428 2294 solverant,
457 2263 515 2288 aut
541 2258 615 2289 aliis
643 2259 835 2289 nominibus
863 2258 988 2297 aliquid
1017 2258 1152 2293 aerariis
1177 2257 1321 2298 publicis
1347 2256 1525 2288 debebant.

155 2311 214 2336 aut
240 2307 273 2335 in
297 2305 422 2336 iudicio
448 2305 585 2345 publico
611 2304 754 2345 pecunia
778 2305 927 2335 mulctati
954 2310 1066 2341 erant,
1104 2304 1136 2334 hi
1174 2313 1289 2334 omnes
1324 2304 1357 2333 in
1382 2303 1524 2333 vinculis

158 2352 370 2389 tenebantur,
398 2351 517 2387 donee,
543 2352 633 2392 quod
659 2352 831 2388 deberent,
861 2351 1046 2382 solvissent.
1073 2369 1115 2373 —-
1137 2350 1281 2381 Videtur
1295 2351 1379 2381 Geta
1396 2349 1523 2380 timere.

156 2409 193 2438 n(
219 2398 379 2429 Phormio
398 2404 435 2429 ut
453 2395 683 2440 συκοφάντης
703 2398 736 2428 in
757 2398 808 2429 ius
834 2398 981 2438 rapiatur
1001 2396 1074 2437 (cfr.
1092 2398 1121 2428 h.
1143 2397 1162 2428 l.
1180 2408 1207 2429 v.
1231 2400 1268 2428 15
1287 2406 1360 2436 sqq.
1381 2402 1414 2427 et·
1432 2396 1476 2428 V.
1494 2398 1508 2426 Τ

156 2449 198 2476 43
218 2444 328 2485 sqq.);
356 2450 426 2475 crat
451 2445 538 2475 enim
562 2445 650 2475 actio
669 2444 918 2487 συκοφαντίας
937 2444 1081 2475 Athenis
1101 2444 1292 2480 constituta,
1320 2444 1345 2474 si
1366 2443 1417 2473 cui
1437 2443 1522 2482 quis.

157 2497 194 2522 ut
218 2492 396 2533 pecuniam
423 2492 464 2522 ab
492 2501 532 2522 eo
554 2496 769 2532 extorqueret
794 2497 852 2522 aut
877 2493 911 2522 in
936 2492 1131 2521 universum
1157 2491 1241 2522 lucri
1268 2490 1393 2530 gratia,
1431 2489 1523 2519 litem

157 2539 302 2569 minatus
330 2544 417 2569 esset
450 2548 568 2569 eumve
594 2548 629 2570 re
649 2547 729 2569 vera
753 2538 824 2569 sine
848 2539 934 2569 iusta
959 2547 1076 2568 caussa
1099 2538 1133 2568 in
1152 2537 1202 2568 ius
1223 2544 1384 2568 vocasset.
1434 2536 1523 2567 Huic
