1605 2814
559 653 651 694 PR
671 653 761 694 0L
782 652 869 696 OG
891 654 987 696 L‘S.

89 754 327 843 Postquam
362 795 483 843 poeta
515 795 627 831 vetus
659 797 816 843 poetam
850 804 927 831 non
964 796 1093 843 potest

90 845 314 886 Retrahere
346 847 392 886 ab
424 847 559 886 studio
593 851 629 886 et
661 848 870 886 transdere
903 847 1100 887 liominem
1134 850 1171 888 in
1202 851 1340 893 otium,

91 901 312 942 Maledictis
340 902 564 949 deterrere,
598 915 645 940 ne
676 903 836 952 scribat,
873 908 1004 953 parat;

92 956 166 1003 Oui
200 957 249 996 ita
280 958 446 997 dictitat.
480 970 577 1009 quas
611 957 776 997 antehac
808 958 904 997 fecit
935 958 1103 1009 tabutas,

75 1012 219 1053 -Tenui
249 1025 341 1054 esse
373 1014 557 1054 oratione
590 1019 630 1053 et
660 1014 856 1063 scriptura
890 1014 987 1054 levi:

91 1067 192 1115 Quia
225 1081 416 1120 nusquam
450 1071 629 1108 insanum
661 1071 821 1120 scripsit
853 1069 1196 1109 adulescentulum

91 1122 258 1164 Cervam
290 1124 430 1163 videre
463 1124 620 1183 fugere,
655 1129 690 1163 et
727 1126 869 1163 sect-iri
907 1137 1041 1170 canes

89 1178 138 1218 Et
168 1191 254 1219 eam
285 1179 462 1241 plorare,
496 1190 626 1227 orare,
660 1185 701 1220 ut
731 1180 939 1219 subveniat
971 1180 1060 1220 sibi

90 1233 207 1281 Quod
238 1236 273 1274 si
290 1228 582 1284 intelie'oeretss‘
599 1235 691 1274 olim
725 1248 810 1275 cum
843 1237 952 1275 stetit
985 1248 1099 1285 noxa,

89 1290 250 1331 Actoris
281 1303 402 1342 opera
441 1292 563 1343 =mgis
596 1292 757 1330 stetisse
790 1304 904 1342 quam
937 1303 1022 1338 sua

89 1345 218 1386 Minus
249 1347 370 1387 multo
405 1347 606 1397 audacter,
639 1359 753 1398 quam
789 1359 892 1386 nunc
927 1347 1060 1396 laedit,
1094 1347 1286 1387 laederet.

89 1400 203 1445 Nunc
233 1403 266 1441 si
299 1403 386 1454 quis
419 1407 491 1447 est,
524 1403 588 1453 qui
621 1403 697 1442 hoc
729 1402 831 1441 dicat
863 1408 928 1441 aut
959 1403 1018 1441 sic
1049 1404 1219 1454 cogitet:

88 1455 213 1496 Vetus
244 1458 276 1496 si
308 1462 428 1509 poeta
459 1470 538 1498 non
572 1458 953 1509 lacessisset-prior.

86 1511 244 1552 Nullum
275 1514 457 1553 invenire
489 1513 700 1565 prologum
733 1515 931 1564 potuisset
964 1525 1104 1553 novos.

90 1567 214 1614 Quem
246 1569 408 1616 diceret,
441 1569 515 1608 nisi
544 1569 723 1616 liaberet,
755 1570 816 1608 cui
850 1569 1128 1608 malediceret:

89 1623 126 1662 ls
155 1624 232 1664 sibi
261 1635 502 1676 responsum
535 1624 610 1663 hoc
640 1624 795 1673 habeat,
826 1625 864 1662 in
895 1624 1026 1663 medio
1059 1624 1239 1663 omnibus

88 1678 256 1718 Palmam
290 1691 382 1720 esse
411 1681 596 1732 positam,
629 1681 693 1731 qui
722 1684 842 1718 artem
874 1684 1042 1719 tractant
1069 1682 1269 1720 musicam.

88 1733 158 1774 Ille
190 1734 237 1774 ad
268 1733 411 1774 famem
446 1735 548 1774 hunc
580 1735 626 1773 ab
659 1735 793 1775 studio
826 1735 1185 1785 studuit-reicere,

87 1788 160 1829 Hic
189 1791 442 1842 respondere
473 1791 615 1838 voluit,
647 1803 724 1829 non
758 1791 969 1830 lacessere.

88 1844 319 1885 Benedictis
350 1847 383 1886 si
417 1850 618 1896 certasset,
652 1846 827 1885 audisset
859 1847 983 1894 bene3

88 1900 204 1947 Quod
235 1901 282 1940 ab
313 1902 382 1941 illo
415 1901 635 1941 adlatumst.
667 1902 741 1940 sibi
775 1914 864 1941 esse
898 1902 934 1940 id
967 1900 1149 1940 rellatum
1182 1906 1306 1953 putet.

86 1955 148 1995 De
179 1956 248 1996 illo
282 1958 355 1997 iam
387 1957 503 1996 fmem
536 1956 674 1996 faciam
706 1957 866 1996 dicundi
900 1957 1006 1998 milii.

85 2010 281 2051 Peccandi
315 2025 402 2052 cum
434 2013 519 2064 ipse
553 2013 601 2051 de
633 2025 677 2050 se
710 2012 826 2051 smem
855 2024 931 2051 non
966 2012 1089 2051 t'acit‘?

85 2065 198 2106 Nunc
218 2068 311 2119 quid
333 2069 464 2115 velim,
489 2069 659 2107 animum
690 2067 902 2106 adtendite.
962 2068 1143 2118 Adporto
1171 2080 1326 2117 noxam,

85 2122 447 2173 Epidicazomenon
481 2136 594 2174 quam
628 2128 767 2162 vocant
803 2123 1051 2162 comoediam

87 2178 245 2226 Graeci,
276 2179 401 2218 Latini
434 2178 712 2226 Phormionem
746 2180 960 2227 nominant,

86 2234 185 2281 Quia
217 2235 363 2286 primas
395 2236 521 2286 partis
554 2235 618 2286 qui
653 2240 755 2286 aget,
790 2234 821 2271 is
856 2235 931 2272 ‹iit
961 2234 1144 2272 ΡΙιοιιιιί)

85 2288 303 2338 Parasitus,
333 2302 408 2343 per
439 2302 554 2353 quem
590 2302 654 2328 res
685 2293 848 2337 oei-etin
884 2301 1011 2328 mnu
1016 2302 1078 2334 ne

83 2343 277 2384 Voluntas
309 2351 448 2385 vostra
479 2347 512 2384 si
543 2345 590 2384 ad
625 2350 779 2402 poetam
814 2345 1040 2383 accesserit

86 2398 185 2439 Date
217 2412 397 2463 operam,
429 2401 567 2440 adeste
600 2412 727 2451 aequo
759 2402 889 2438 animo
922 2412 994 2451 pei
1026 2399 1243 2447 silentium,

83 2453 142 2493 Ne
171 2457 259 2496 simi
250 2456 290 2495 li
322 2460 475 2496 utamur
506 2456 680 2503 fortuna,
712 2460 831 2506 atque
862 2456 923 2493 usi
953 2467 1101 2502 sumus,

88 2507 184 2550 Cum
215 2523 288 2563 per
318 2512 524 2551 tumultum
557 2515 696 2551 noster
725 2523 827 2563 grex
861 2515 987 2549 motus
1018 2510 1171 2555 locost3

1402 1293 1449 1332 10

1401 1569 1446 1608 15

1395 1845 1446 1884 ‘20

1391 2121 1443 2160 25

1392 2396 1443 2436 30
