1605 2814
586 127 630 158 m
657 127 985 160 Pitoniuosnn.
1356 128 1406 167 43

97 252 228 284 crimini
247 261 348 292 quum
371 251 466 283 nulla
485 261 595 292 poena
610 251 740 291 legibus
756 253 939 283 constituta
954 260 1051 286 esset,
1080 254 1227 284 iudicum
1251 260 1321 283 erat
1344 263 1465 284 caussa

96 299 231 340 cognita
245 299 439 334 decernere,
465 298 543 339 quid
570 307 645 330 reus
671 300 739 340 pati
767 306 825 330 aut
850 299 980 330 solvere
1007 300 1160 337 deberet3
1187 301 1233 331 ita
1258 299 1402 340 aliquem
1429 300 1463 330 in

96 345 259 378 eiusmodi
286 355 407 376 caussa
433 345 549 375 decem
574 345 808 377 drachmarum
836 346 970 377 milibus
998 347 1197 378 mulctatum
1225 356 1295 377 esse
1321 346 1462 385 legimus

95 393 232 433 (Lysias
254 392 327 423 adv.
354 395 492 431 Agornt.
509 391 526 430 ξ
543 391 611 427 65).
662 393 732 423 Iam
749 402 850 432 quum
867 393 951 423 sciat
966 393 1063 429 Geta,
1083 403 1149 424 non
1167 403 1238 424 esse
1253 393 1461 428 Phormioni,

95 439 182 470 unde
207 438 366 470 mulctam
393 437 510 475 solvat,
536 436 606 468 fore
634 440 821 480 praevidet,
846 446 881 469 ut
908 440 940 470 iu
968 440 1103 470 vincula
1129 441 1338 472 coniiciatur.
1389 438 1460 472 Csr.

94 485 156 524 IV,
182 491 213 521 4,
247 488 296 516 15.

182 554 247 591 III,
277 557 305 590 1,
333 557 387 584 20.
415 553 527 585 ducent
551 553 732 585 damnatum
759 553 894 597 domum]
939 555 1015 586 Hoc
1042 566 1108 587 non
1135 565 1176 586 ex
1200 555 1460 586 Atheniensium

92 600 223 641 legibus
251 600 488 641 explicandum
516 610 586 632 esse
612 601 758 635 videtur,
802 602 922 641 quibus
960 612 1060 633 nemo
1093 603 1192 639 civis,
1229 603 1318 643 quod
1344 603 1459 640 seiam,

92 647 356 688 post'Solonem
384 653 483 683 certe,
510 648 565 678 alii
593 647 700 678 addici
727 654 876 688 poterat,
911 649 968 679 scd
1001 659 1041 679 ex
1067 650 1136 680 iure
1162 649 1329 680 Romano.
1380 648 1463 680 Erat

90 694 178 725 enim
204 694 237 724 in
264 694 338 733 lege
363 694 541 725 duodecim
568 693 779 733 tabularum,
807 702 842 725 ut
867 695 926 732 iis,
964 697 1019 735 qui
1045 696 1148 726 debiti
1175 695 1312 726 iudicati
1337 702 1458 731 essent,

89 741 226 781 triginta
243 741 313 771 dies
327 741 486 772 darentur
503 741 751 781 conquirendae
771 743 932 782 pecuniae
948 752 1079 779 caussa,
1100 752 1200 782 quam
1222 742 1459 781 dissolverent;

88 788 113 818 si
141 787 184 818 ad
210 780 391 818 diem‘non
417 787 605 823 solvissent,
632 788 672 817 ad
702 796 888 828 praetorem
916 789 1125 819 vocabantur
1142 795 1175 819 ct
1193 790 1235 819 ab
1254 798 1304 826 eo,
1331 788 1455 828 quibus

89 834 340 868 erantiudicati.
359 834 609 870 addicebantur,
627 844 728 864 nervo
748 844 881 875 quoque
895 841 953 865 aut
968 836 1186 876 compedibus
1202 835 1452 873 vinciebantur3

88 880 152 911 nisi
171 889 238 912 suo
263 881 426 918 viverent,
462 881 500 917 ii,
527 881 583 921 qui
610 890 666 911 cos
691 882 820 912 vinctos
846 881 1034 915 habebant,
1068 882 1170 914 libras
1196 882 1295 913 farris
1323 882 1357 912 in
1387 882 1457 913 dies

89 927 169 958 dare
204 927 381 958 debebant.
442 925 554 966 Quum
589 928 766 966 sexaginta,
797 928 867 958 dics
893 929 968 959 nexi
996 928 1136 959 fuissem
1164 938 1275 970 neque
1305 927 1457 959 debitum

88 974 265 1005 solvissent
289 983 396 1015 neque
422 973 544 1011 alium,
580 981 616 1004 ut
640 984 699 1014 pro
731 984 765 1005 sc
796 975 971 1014 pecuniam
999 975 1217 1015 dependeret,
1255 975 1451 1012 movissent,

88 1021 243 1051 creditori
285 1030 342 1052 eos
383 1026 441 1051 aut
480 1019 665 1051 interficere
714 1028 771 1051 aut
812 1027 904 1052 trans
949 1022 1098 1052 Tiberim
1141 1023 1286 1053 vendere
1328 1021 1453 1052 licebat

87 1066 188 1101 (Gen.
215 1066 315 1098 Noct.
343 1068 416 1098 Att.
443 1067 522 1098 XX.
555 1067 608 1104 il.
669 1067 744 1098 Hoc
770 1076 880 1098 autem
908 1075 940 1098 et
966 1078 1057 1099 more
1083 1069 1219 1109 publico
1246 1069 1457 1109 repudiatum

87 1120 141 1144 est
166 1120 199 1145 et
224 1114 296 1154 lege
318 1113 461 1145 Poetilia
482 1114 619 1154 Papiria
641 1122 688 1152 (a.
706 1124 737 1144 u.
758 1118 940 1145 4281326
960 1125 989 1145 a.
1011 1114 1111 1155 Chr.)
1136 1123 1283 1152 cautum,
1314 1125 1356 1145 ne
1385 1116 1457 1155 quis
1496 1129 1497 1132 ¹

87 1161 174 1191 aeris
196 1160 295 1192 alieni
317 1170 434 1192 caussa
449 1167 649 1198 necteretur,
664 1161 778 1201 utique
798 1161 889 1191 bona
908 1163 1142 1192 tantummodo
1159 1162 1307 1193 obnoxia
1334 1169 1452 1193 essent.

86 1206 201 1238 Nihilo
227 1214 338 1238 tamen
367 1208 476 1238 minus
502 1207 688 1244 debitores,
721 1208 776 1248 qui
801 1208 960 1239 solvendo
986 1218 1052 1239 non
1078 1215 1184 1247 erant,
1211 1210 1310 1240 etiam
1335 1215 1454 1249 postea

88 1253 312 1285 creditoribus
328 1254 375 1285 ita
393 1254 518 1285 addicti
541 1253 643 1285 fuisse
663 1254 827 1291 videntur,
854 1260 890 1285 ut
910 1264 971 1295 pro
988 1255 1141 1295 pecunia⁷
1161 1266 1261 1296 quam
1281 1255 1454 1292 deberent,

88 1309 207 1341 operas
233 1300 367 1332 serviles
394 1301 474 1331 dare
501 1308 710 1340 cogerentur,
737 1302 817 1331 dum
844 1301 1022 1332 solverent.

181 1381 245 1415 ΙΙΙ,
271 1386 302 1419 2,
328 1385 381 1414 21.
419 1380 536 1413 Videas
561 1387 587 1412 tc
612 1387 704 1422 atque
731 1381 828 1419 illum,
856 1388 888 1412 ut
913 1378 1041 1425 narras]
1068 1382 1108 1412 In
1134 1383 1211 1413 loco
1236 1384 1453 1414 vexatissimo

88 1429 195 1470 probo
222 1438 294 1459 eam
317 1425 638 1469 interpretationem,
665 1438 763 1469 quarn
788 1428 943 1459 Donatus
965 1429 1106 1469 primam
1132 1430 1321 1470 proposuit:
1343 1441 1454 1471 parem

89 1481 115 1506 re
140 1474 189 1507 illi
212 1475 351 1506 existimo
376 1481 469 1516 atque
495 1473 579 1506 illum
605 1475 670 1507 tibi.
726 1475 869 1516 Respice
898 1481 929 1505 te
955 1481 1055 1515 atque
1080 1475 1192 1513 illum3
1219 1486 1314 1506 nam.
1354 1482 1390 1507 ut
1414 1486 1455 1507 ex

88 1522 200 1553 verbis
214 1522 279 1553 tuis
293 1523 456 1562 suspicor,
476 1527 511 1552 tu
534 1521 630 1552 illum
652 1522 814 1562 optimum
834 1522 973 1560 iudicas,
1001 1523 1079 1563 quia
1102 1523 1149 1552 tui
1168 1523 1360 1554 simillimus
1380 1523 1454 1554 suit.

87 1568 247 1600 Phormio
272 1568 337 1599 hoc
365 1578 439 1599 cum
466 1568 573 1599 ironia
588 1566 721 1599 'dictum
749 1578 822 1600 esse
847 1569 1040 1608 intelligens
1066 1569 1164 1600 irasci
1190 1579 1225 1600 se
1253 1570 1400 1603 simulat.

182 1650 253 1687 111,
292 1653 329 1687 2,
366 1651 418 1679 56.
454 1649 656 1691 magistratus
682 1648 756 1689 adi]
793 1649 918 1681 Omnes
947 1650 1204 1681 Atheniensium
1238 1652 1456 1690 magistratus

11 1688 14 1694 Δ
56 1712 62 1715 x
89 1691 122 1727 in
141 1706 203 1728 sno
219 1697 344 1737 quique
360 1705 482 1736 genere
502 1696 770 1727 iurisdictionem
784 1693 998 1738 (ἡγεμονίαν
1008 1696 1260 1740 δικαστηρίου)
1275 1698 1455 1730 habebant.

89 1742 160 1774 Iam
170 1744 196 1774 si
207 1743 281 1783 quis
291 1743 347 1773 alii
356 1743 450 1773 litem
461 1743 634 1774 intendere
646 1743 790 1781 volebat,
800 1744 993 1774 adversario
1003 1749 1079 1773 ante
1089 1745 1287 1775 denuntiare
1300 1744 1456 1780 debebat,

88 1796 125 1820 ut
149 1795 239 1821 certo
265 1790 319 1820 die
345 1790 387 1820 ad
417 1795 660 1830 competentem
687 1790 922 1829 magistratum
948 1791 1082 1821 adesset
1116 1790 1199 1831 (qua
1224 1792 1257 1821 in
1284 1800 1318 1821 re
1344 1796 1456 1829 testes,

87 1837 259 1880 κλητῆρες
287 1847 314 1869 s.
339 1833 521 1879 κλήτορες,
549 1836 828 1876 adhibebantur),
857 1846 1061 1876 quamquam
1088 1846 1165 1868 eum
1191 1838 1225 1868 in
1253 1838 1455 1878 quibusdam

90 1884 216 1915 caussis
227 1893 347 1923 cogere
355 1888 498 1923 poterat,
514 1883 672 1913 utstatim
686 1892 798 1913 seeum
810 1884 901 1914 iuius
913 1883 1101 1914 ambularet
1111 1884 1189 1924 (cfr.
1202 1884 1244 1921 V,
1257 1887 1286 1922 7,
1299 1888 1341 1915 43
1352 1886 1456 1925 sqq.‘).

89 1928 201 1967 Quum
228 1930 269 1960 ad
296 1930 528 1968 magistratum
553 1937 687 1960 ventum
715 1937 803 1965 erat,
838 1930 986 1961 libellus.
1007 1931 1235 1971 accusationis
1261 1942 1286 1962 s.
1314 1931 1456 1971 inscrip-

88 1977 188 2008 tionis
214 1977 244 2007 ei
269 1976 481 2013 tradebatur,
522 1986 587 2016 quo
625 1976 716 2007 facto
755 1977 824 2007 eius
861 1983 932 2007 erat
962 1975 1185 2014 examinares
1206 1982 1316 2008 utrum
1350 1978 1456 2018 accipi

90 2032 212 2054 caussa
240 2030 355 2064 posset
387 2033 430 2053 an
463 2023 646 2053 reiicienda-
679 2029 783 2061 esset;
827 2024 852 2054 si
899 2024 1083 2064 acciperet,
1121 2024 1331 2063 litigantibus
1369 2025 1456 2055 diem

89 2070 282 2106 constituit,
320 2079 386 2110 quo
423 2070 465 2099 ad
499 2069 742 2100 coniectionem
777 2080 916 2101 caussae
948 2067 1030 2113 (τὴν
1057 2067 1263 2113 ἀνάκρισιν)
1290 2072 1455 2101 adessent.

89 2115 176 2147 Tum
211 2116 259 2147 illi
294 2122 433 2156 uterque
466 2122 665 2156 argumenta
705 2127 765 2147 sua
802 2117 1018 2147 iureiurando
1061 2117 1195 2148 firmata
1234 2118 1457 2158 proponebat,

89 2162 193 2202 leges,
212 2173 351 2203 quarum
373 2163 406 2193 in
423 2172 545 2193 caussa
558 2164 689 2202 agenda
702 2172 781 2194 usus
799 2163 1015 2202 futuruserat,
1045 2164 1152 2196 omnis
1167 2164 1296 2204 generis
1312 2164 1457 2201 tabulas,

89 2209 294 2248 testimonia,
331 2209 545 2248 quaestiones
594 2214 633 2246 (s,
662 2210 783 2241 indicia
806 2211 906 2241 servis
929 2221 988 2252 per
1012 2211 1240 2250 quaestionem
1269 2214 1455 2251 expressa),

89 2256 156 2286 alia
180 2256 305 2296 scripta
328 2256 492 2293 tradebat,
519 2266 604 2296 quae
632 2257 667 2286 in
692 2266 792 2288 urnas
817 2266 939 2288 aeneas
963 2263 1021 2289 ant
1037 2257 1156 2288 fictiles
1171 2257 1276 2297 (τους
1300 2254 1457 2299 ἐχίνους)

58 2302 367 2345 ,οοῐιίἱοίὡαῐιῑιιικ
446 2302 518 2333 Iam
555 2304 581 2333 si
614 2313 735 2335 caussa
768 2305 802 2334 in
836 2304 996 2334 iudicium
1038 2303 1236 2335 deducenda
1273 2309 1360 2341 erat,
1394 2304 1458 2334 hae

89 2358 194 2380 urnae
223 2350 375 2389 signatae
410 2350 496 2390 apud
531 2350 764 2389 magistratum
791 2351 1012 2381 servabantur
1043 2360 1148 2391 usque
1184 2351 1227 2380 ad
1253 2360 1327 2381 eum
1355 2350 1459 2385 diem,

90 2405 156 2435 quo
183 2405 304 2438 caussa
330 2396 418 2436 apud
444 2396 572 2428 iudices
599 2397 731 2436 agenda
755 2404 827 2427 erat
894 2397 1028 2428 Iudices
1055 2404 1169 2427 autem
1195 2395 1248 2437 (οἱ
1271 2394 1456 2440 ἡλιασταί)

51 2466 54 2468 v
90 2443 270 2485 quotannis
296 2452 338 2472 ex
363 2443 518 2473 omnibus
545 2443 688 2479 civibus,
728 2444 783 2482 qui
817 2444 956 2482 triginta
988 2453 1094 2474 annos
1121 2444 1190 2473 nati
1220 2450 1333 2481 erant,
1370 2449 1458 2474 sorte

91 2488 306 2528 legebantur3
332 2498 444 2519 eorum
470 2499 528 2519 sex
543 2489 635 2519 milia
650 2497 756 2529 erant,
778 2490 963 2529 exquibus,
984 2490 1114 2529 quoties
1137 2499 1259 2521 caussa
1276 2490 1459 2520 iudicanda

91 2541 180 2577 erat,
207 2535 450 2567 thesmothetae
489 2535 563 2575 (qui
591 2545 649 2567 sex
674 2536 781 2574 erant)
813 2536 999 2576 legitimum
1034 2545 1208 2567 numerum
1243 2537 1459 2578 (plerumque
