1605 2814
555 132 603 163 11<
628 131 959 163 PHORMIONEM.
1339 133 1387 169 45

573 187 587 207 ἱ

186 258 239 289 odi
274 266 395 289 caussa
428 256 563 288 vincula
590 255 786 288 Phormioni
813 257 961 287 timenda
987 255 1131 288 fuerint.
1167 266 1233 287 nou
1268 255 1368 287 facile
1396 262 1446 287 est

101 314 197 341 icere,
222 303 286 336 nisi
311 303 396 335 forte
424 303 600 335 Terentius
624 303 690 335 hoc
715 313 784 334 non
810 311 852 333 cx
877 302 1014 335 Attico.
1041 304 1099 335 sed
1126 312 1168 333 ex
1193 302 1352 333 Romano'
1376 303 1444 333 iure

79 350 251 392 scripserit
277 350 354 391 (cfr.
376 350 418 381 ad
442 349 505 382 111.
531 352 558 385 l.
584 350 658 390 20).

168 419 232 458 IV,
259 424 290 457 4,
317 422 374 452 21.
397 417 623 459 sacrificandi]
647 419 725 449 Vid.
753 419 795 449 ad
821 419 928 450 Andr.
955 418 1000 449 ΙΙ.
1030 422 1059 456 2,
1088 422 1128 449 25

171 489 232 526 IV,
259 492 292 527 4,
319 492 371 519 25.
398 494 466 519 ater
485 487 606 519 alienus
626 487 714 519 canis
735 486 804 530 cen]
833 488 1036 519 Huiusmodi
1063 494 1214 519 monstra
1240 484 1274 519 et
1292 488 1445 528 prodigia

77 536 267 578 superstitio
291 534 383 576 apud
409 544 525 566 omnes
552 539 668 575 gentes
692 535 859 576 permulta
883 535 998 573 finxit3
1023 535 1183 576 pleraque
1202 544 1329 571 eorum,
1358 545 1443 576 quac

76 583 130 614 hic
143 586 393 619 enumerantur,
411 582 511 612 etiam
530 582 618 622 apud
637 581 723 612 alios
742 582 919 622 scriptores
936 588 1201 612 commemorata
1218 582 1442 612 inveniuntur.

31 652 33 655 -
77 630 260 671 quaedam,
298 628 362 660 nisi
399 627 516 660 fallor.
553 628 651 658 etiam
689 629 776 669 apud
812 638 871 659 nos
905 639 965 669 pro
996 629 1160 669 portentis
1187 628 1366 661 habentur.
1402 646 1444 650 —

75 676 232 708 Donatus
266 675 482 706 observatum
517 684 589 705 esse
621 675 753 711 scribit,
799 675 831 705 in
871 684 936 715 qua
971 676 1072 706 domo
1109 675 1235 715 gallina
1275 675 1444 705 cecinerit.

75 722 283 765 superiorem
323 723 442 753 marito
480 731 554 752 esse
590 731 750 754 uxorem.
801 728 833 751 et
883 722 1080 760 religionem
1123 722 1324 761 quibusdam
1371 730 1444 752 esse

78 769 216 810 aggredi
243 770 420 809 negotium
447 768 584 808 aliquod
609 768 727 799 diebus
753 769 1038 800 decrescentibus.

175 826 219 865 V,
249 829 276 865 1,
306 830 344 857 3.
372 825 568 868 Itasuyias,
599 837 634 856 nc
657 832 783 867 praeter
808 826 931 867 casam]
968 827 1043 858 Hoc
1063 827 1274 867 proverbium
1301 827 1343 857 ab
1371 826 1444 856 aliis

75 874 171 905 aliter
196 873 400 915 explicatur3
433 872 516 904 mihi
541 872 651 913 placet
668 882 708 903 ca
722 873 961 913 interpretatio.
984 883 1068 913 quae
1084 873 1168 903 inter
1186 878 1251 904 tres
1270 883 1289 903 a
1310 874 1445 904 Donato

74 917 262 962 propositas
275 920 384 961 prima
399 926 462 951 est:
489 930 525 950 ηε
547 925 729 960 praetereas
753 930 861 950 casam
885 925 982 952 tuam.
1009 931 1090 962 quae
1113 920 1155 951 sit
1179 920 1235 950 tibi
1264 919 1453 956 tristissimum,

74 966 313 1008 receptaculum.
369 967 485 998 Verba
509 965 568 997 illa
596 966 729 1007 proprie
754 967 783 996 ei
809 967 976 1005 dicuntur,
1004 967 1059 1008 qui
1086 967 1212 997 malum
1237 972 1295 997 aut
1314 967 1443 997 hostem

76 1013 208 1054 fugiens
235 1013 339 1044 nimio
364 1013 464 1053 fugae
489 1013 602 1044 studio
628 1013 790 1053 abreptus
817 1013 916 1044 ctiam
945 1024 1059 1044 casam
1086 1023 1190 1049 suam,
1222 1023 1321 1054 quam
1347 1013 1442 1053 petit,

74 1060 245 1102 praeterit.
295 1060 358 1091 Est
381 1061 485 1100 igitur
510 1069 626 1091 sensus
652 1071 687 1090 ne
705 1058 784 1100 quid
800 1059 889 1091 nimi<
915 1060 1043 1100 (Andr.
1070 1059 1153 1097 131,
1173 1060 1248 1100 34).
1276 1060 1326 1091 vel
1354 1060 1445 1100 quod

75 1107 238 1139 Horatius
265 1105 357 1148 (Sat.
382 1106 409 1143 I,
435 1110 466 1144 2,
494 1106 550 1146 24)
576 1107 627 1137 his
653 1106 764 1137 verbis
789 1107 928 1139 extulit:
965 1106 1036 1137 dum
1063 1107 1163 1138 vitaret
1186 1105 1274 1137 stulti
1297 1107 1385 1142 vitia,
1414 1107 1445 1135 in

75 1153 245 1185 contraria
275 1159 412 1184 currunt.

167 1211 211 1250 V,
236 1215 263 1250 l,
291 1215 340 1243 15.
363 1222 498 1242 vorsum
521 1209 632 1252 solvis]
660 1211 810 1242 Versura
835 1211 946 1249 solvit,
967 1212 1034 1252 qui,
1059 1221 1161 1251 quum
1188 1220 1297 1250 neque
1319 1217 1445 1242 sortem

75 1267 185 1299 neque
207 1268 326 1290 usuras
343 1253 386 1289 ad
407 1258 494 1289 diem
513 1258 640 1288 solvere
658 1258 774 1299 possit,
801 1259 909 1289 usuris
935 1259 979 1289 ad
1005 1264 1126 1289 sortem
1152 1258 1292 1288 adiectis
1319 1267 1445 1289 novum

77 1315 134 1337 aes
166 1305 313 1336 alienum
342 1302 455 1346 'priore
487 1305 595 1335 maius
627 1305 811 1342 contrahit3
855 1306 901 1335 sic
937 1315 1096 1346 praesens
1131 1305 1257 1336 malum
1291 1305 1325 1335 in
1356 1305 1444 1335 diem

32 1351 35 1356 '
78 1338 212 1393 quidem
238 1352 320 1389 abit,
346 1361 448 1392 quum
475 1352 626 1382 solvendi
652 1357 784 1392 tempus
809 1350 992 1389 differatur,
1021 1353 1079 1382 sed
1149 1353 1223 1382 dem
1252 1361 1286 1382 re
1313 1352 1445 1384 crescit.

77 1416 122 1421 ——-
148 1397 275 1430 Contra
304 1409 464 1430 versuram
480 1398 580 1440 jacit,
603 1399 659 1439 qui
682 1399 858 1439 pecuniam
877 1395 1034 1429 'mutuam
1059 1408 1073 1422 ι
1139 1404 1170 1430 .t.

561 1444 564 1454 ,

168 1468 213 1506 V,
250 1471 287 1506 4,
323 1472 357 1502 2.
390 1468 532 1499 emissas-t
562 1467 672 1508 manu]
710 1466 925 1498 'Manumitti
960 1478 1073 1499 servus
1107 1469 1296 1499 dicebatur.
1343 1478 1445 1508 quum

76 1515 234 1546 dominus
270 1501 340 1546 eius
373 1521 431 1545 aut
464 1519 565 1556 caput
597 1515 746 1550 ejusdem
782 1515 869 1546 sewi
901 1521 960 1546 aut
992 1515 1084 1545 aliud
1116 1515 1302 1546 membium
1329 1521 1446 1546 tenens

59 1551 228 1593 dicebat·
262 1560 358 1593 Hunc
382 1561 530 1593 hominem
557 1560 682 1592 liberum
707 1573 772 1592 esse
797 1560 883 1596 volo
919 1567 951 1592 et
977 1562 1152 1593 emittebat
1178 1571 1254 1593 eum
1281 1571 1298 1593 e
1325 1562 1447 1592 manu'’

77 1607 193 1646 (Paul.
217 1608 319 1641 Diae.
343 1608 505 1649 Excerpt.
529 1608 621 1639 Festi
647 1609 704 1639 lib.
731 1608 782 1639 XI
806 1618 886 1649 pag.
917 1612 979 1639 104
1006 1609 1061 1640 ed
1086 1609 1272 1649 Lindem.).
1342 1609 1446 1650 Apud

75 1654 251 1686 Romanos
275 1655 339 1686 hoc
363 1655 560 1696 plerumque
592 1665 703 1686 coram
729 1655 928 1693 magistratu
972 1655 1150 1695 (consule,
1180 1660 1352 1696 praetore,
1386 1665 1447 1696 pro

77 1701 234 1741 consule)
257 1701 375 1740 fiebat,
412 1702 564 1733 adhibito
597 1702 735 1740 lictore,
775 1702 830 1742 qui
853 1711 955 1741 quum
982 1712 1115 1733 servum
1141 1702 1445 1733 manumittendum

76 1749 171 1789 virga
207 1747 365 1788 (festuca,
399 1748 566 1789 vindicta)
594 1749 779 1789 tetigisset,
818 1758 893 1778 eum
920 1749 954 1779 in
989 1749 1103 1780 orbem
1138 1749 1389 1789 circumagebat
1415 1754 1448 1778 et

75 1794 177 1836 alapa
198 1794 327 1826 inflicta
351 1795 494 1826 liberum
521 1795 725 1833 dimittebat,
764 1800 801 1826 ut
833 1795 957 1835 abiret,
997 1805 1064 1835 quo
1101 1795 1215 1828 vellet.
1266 1813 1310 1818 —
1342 1795 1446 1836 Apud

76 1841 305 1873 Athenienses
325 1847 436 1872 autem
463 1851 570 1881 neque
586 1847 636 1873 tot
657 1842 857 1882 ambagibus
877 1851 961 1881 opus
984 1848 1065 1879 erat,
1095 1852 1203 1883 neque
1228 1843 1446 1882 magistratus

75 1889 330 1919 manumissioni
370 1887 562 1920 interfuisse
603 1889 744 1919 w'detur.
814 1888 940 1919 Multos
979 1897 1095 1920 servos
1138 1899 1198 1930 per
1242 1893 1446 1920 testamenta

75 1935 302 1966 manumissos
324 1934 428 1966 fuisse
454 1935 609 1974 legimus,
635 1946 741 1967 unum
767 1936 799 1965 in
826 1935 949 1966 iudicio
977 1935 1082 1975 (Isaei
1104 1936 1243 1975 Fragm.
1267 1935 1362 1969 Orat.
1385 1945 1445 1976 pro

75 1981 280 2021 Eumathe)‚
306 1981 513 2022 vetitumque
538 1981 640 2013 fuisse
666 1983 788 2014 scimus
813 1991 946 2013 servum
971 1983 1216 2013 manumissum
1250 1983 1285 2013 in
1315 1983 1446 2013 theatro

14 2066 21 2070 .
75 2037 134 2068 per
151 2037 352 2069 praeconem
373 2029 583 2069 pronuntiari
604 2023 785 2068 (Aeschin.
805 2029 877 2061 adv.
897 2028 1046 2069 Ctesiph.
1065 2030 1083 2069 ξ
1099 2033 1151 2059 41.
1172 2029 1246 2070 44).
1288 2029 1446 2060 Ceterum

77 2074 164 2106 servi
185 2084 207 2105 a
223 2074 364 2116 privatis
382 2075 576 2106 hominibus
598 2077 797 2107 manumissi
819 2072 1098 2118 (ἀπελεύθεροι)
1116 2085 1184 2106 non
1201 2077 1289 2107 cives
1309 2075 1445 2113 fiebant,

77 2121 135 2152 sed
160 2121 317 2162 inquilini
336 2118 537 2164 (μέτοικοι),
565 2123 804 2163 dominumque
827 2123 975 2165 priorem
1002 2129 1180 2164 patronum
1208 2120 1445 2166 (προστάτην)

77 2177 207 2199 sumere
232 2169 448 2208 cogebantur.

146 2237 210 2275 ·V‚
237 2242 276 2275 4,
303 2240 334 2269 9.
370 2230 686 2278 SuniumJ'Sunium
711 2239 976 2279 promontorium
1004 2244 1037 2269 et
1061 2248 1170 2279 pagus
1196 2239 1353 2275 Atticae,
1388 2239 1444 2269 ubi

77 2289 150 2315 erat
175 2283 285 2315 forum
313 2293 423 2315 rerum
448 2284 629 2325 venalium.

169 2353 214 2392 V,
243 2358 274 2392 4,
307 2356 357 2385 10.
384 2351 517 2394 dudum]
543 2354 625 2387 Vid.
651 2353 713 2384 IV.
742 2358 773 2391 3,
803 2357 856 2385 60.

170 2423 215 2460 V,
241 2427 273 2461 4,
303 2426 358 2455 12.
383 2422 494 2453 ostium
518 2423 711 2464 concrepuit]
739 2423 821 2458 Vid.
850 2424 892 2454 ad
917 2423 1029 2457 Andr.
1055 2424 1116 2461 IV,
1146 2427 1173 2461 l,
1203 2427 1256 2454 59.

169 2491 215 2530 V,
231 2496 261 2531 5,
284 2491 562 2534 1.forsfortuna]
595 2492 730 2523 Fortem
747 2493 946 2530 Fortunam,
972 2503 1058 2533 quae
1079 2494 1143 2523 dea
1165 2493 1294 2524 Romae
1313 2503 1332 2523 a
1350 2493 1446 2534 plebe

33 2540 36 2543 “
76 2538 289 2579 potissimum
323 2545 355 2569 et
385 2539 489 2570 servis
515 2539 704 2575 colebatur,
745 2537 864 2570 Cicero
901 2539 1003 2580 (Leg.
1029 2539 1076 2576 II,
1124 2540 1178 2572 11.
1204 2539 1266 2581 28)
1302 2540 1447 2570 incertos
